
@article{Weinberg2018,
	title = {Essay: {Half} a {Century} of the {Standard} {Model}},
	volume = {121},
	issn = {0031-9007, 1079-7114},
	shorttitle = {Essay},
	url = {https://link.aps.org/doi/10.1103/PhysRevLett.121.220001},
	doi = {10.1103/PhysRevLett.121.220001},
	language = {en},
	number = {22},
	urldate = {2019-07-01},
	journal = {Physical Review Letters},
	author = {Weinberg, Steven},
	month = nov,
	year = {2018},
	pages = {220001}
}

@article{Woodard2014,
	title = {Perturbative quantum gravity comes of age},
	volume = {23},
	issn = {0218-2718},
	url = {https://www.worldscientific.com/doi/abs/10.1142/S0218271814300201},
	doi = {10.1142/S0218271814300201},
	abstract = {I argue that cosmological data from the epoch of primordial inflation is catalyzing the maturation of quantum gravity from speculation into a hard science. I explain why quantum gravitational effects from primordial inflation are observable. I then review what has been done, both theoretically and observationally, and what the future holds. I also discuss what this tells us about quantum gravity.},
	language = {en},
	number = {09},
	urldate = {2019-07-01},
	journal = {International Journal of Modern Physics D},
	author = {Woodard, R. P.},
	month = aug,
	year = {2014},
	pages = {1430020},
	file = {Przesłana wersja:/home/pawel/.zotero/zotero/2felkxqq.default/zotero/storage/VZLPVSK3/Woodard - 2014 - Perturbative quantum gravity comes of age.pdf:application/pdf;Snapshot:/home/pawel/.zotero/zotero/2felkxqq.default/zotero/storage/Z82IQDNA/S0218271814300201.html:text/html}
}

@article{Neutrino-mass-KmLAND-Zen2016,
	title = {Search for {Majorana} neutrinos near the inverted mass hierarchy region with {KamLAND}-{Zen}},
	volume = {117},
	issn = {0031-9007, 1079-7114},
	url = {https://link.aps.org/doi/10.1103/PhysRevLett.117.082503},
	doi = {10.1103/PhysRevLett.117.082503},
	language = {en},
	number = {8},
	urldate = {2019-07-01},
	journal = {Physical Review Letters},
	author = {Gando, A. and Gando, Y. and Hachiya, T. and Hayashi, A. and Hayashida, S. and Ikeda, H. and Inoue, K. and Ishidoshiro, K. and Karino, Y. and Koga, M. and Matsuda, S. and Mitsui, T. and Nakamura, K. and Obara, S. and Oura, T. and Ozaki, H. and Shimizu, I. and Shirahata, Y. and Shirai, J. and Suzuki, A. and Takai, T. and Tamae, K. and Teraoka, Y. and Ueshima, K. and Watanabe, H. and Kozlov, A. and Takemoto, Y. and Yoshida, S. and Fushimi, K. and Banks, T. I. and Berger, B. E. and Fujikawa, B. K. and O’Donnell, T. and Winslow, L. A. and Efremenko, Y. and Karwowski, H. J. and Markoff, D. M. and Tornow, W. and Detwiler, J. A. and Enomoto, S. and Decowski, M. P. and {KamLAND-Zen Collaboration}},
	month = aug,
	year = {2016},
	pages = {082503},
	file = {Zaakceptowana wersja:/home/pawel/.zotero/zotero/2felkxqq.default/zotero/storage/IU7YKV8Z/Gando i in. - 2016 - Search for Majorana Neutrinos Near the Inverted Ma.pdf:application/pdf}
}

@article{PlanckCosmoParam2015,
	title = {Planck 2015 results. {XIII}. {Cosmological} parameters},
	volume = {594},
	issn = {0004-6361, 1432-0746},
	url = {http://arxiv.org/abs/1502.01589},
	doi = {10.1051/0004-6361/201525830},
	abstract = {We present results based on full-mission Planck observations of temperature and polarization anisotropies of the CMB. These data are consistent with the six-parameter inflationary LCDM cosmology. From the Planck temperature and lensing data, for this cosmology we find a Hubble constant, H0= (67.8 +/- 0.9) km/s/Mpc, a matter density parameter Omega\_m = 0.308 +/- 0.012 and a scalar spectral index with n\_s = 0.968 +/- 0.006. (We quote 68\% errors on measured parameters and 95\% limits on other parameters.) Combined with Planck temperature and lensing data, Planck LFI polarization measurements lead to a reionization optical depth of tau = 0.066 +/- 0.016. Combining Planck with other astrophysical data we find N\_ eff = 3.15 +/- 0.23 for the effective number of relativistic degrees of freedom and the sum of neutrino masses is constrained to {\textless} 0.23 eV. Spatial curvature is found to be {\textbar}Omega\_K{\textbar} {\textless} 0.005. For LCDM we find a limit on the tensor-to-scalar ratio of r {\textless}0.11 consistent with the B-mode constraints from an analysis of BICEP2, Keck Array, and Planck (BKP) data. Adding the BKP data leads to a tighter constraint of r {\textless} 0.09. We find no evidence for isocurvature perturbations or cosmic defects. The equation of state of dark energy is constrained to w = -1.006 +/- 0.045. Standard big bang nucleosynthesis predictions for the Planck LCDM cosmology are in excellent agreement with observations. We investigate annihilating dark matter and deviations from standard recombination, finding no evidence for new physics. The Planck results for base LCDM are in agreement with BAO data and with the JLA SNe sample. However the amplitude of the fluctuations is found to be higher than inferred from rich cluster counts and weak gravitational lensing. Apart from these tensions, the base LCDM cosmology provides an excellent description of the Planck CMB observations and many other astrophysical data sets.},
	language = {en},
	urldate = {2019-07-01},
	journal = {Astronomy \& Astrophysics},
	author = {Planck Collaboration and Ade, P. A. R. and Aghanim, N. and Arnaud, M. and Ashdown, M. and Aumont, J. and Baccigalupi, C. and Banday, A. J. and Barreiro, R. B. and Bartlett, J. G. and Bartolo, N. and Battaner, E. and Battye, R. and Benabed, K. and Benoit, A. and Benoit-Levy, A. and Bernard, J.-P. and Bersanelli, M. and Bielewicz, P. and Bock, J. J. and Bonaldi, A. and Bonavera, L. and Bond, J. R. and Borrill, J. and Bouchet, F. R. and Boulanger, F. and Bucher, M. and Burigana, C. and Butler, R. C. and Calabrese, E. and Cardoso, J.-F. and Catalano, A. and Challinor, A. and Chamballu, A. and Chary, R.-R. and Chiang, H. C. and Chluba, J. and Christensen, P. R. and Church, S. and Clements, D. L. and Colombi, S. and Colombo, L. P. L. and Combet, C. and Coulais, A. and Crill, B. P. and Curto, A. and Cuttaia, F. and Danese, L. and Davies, R. D. and Davis, R. J. and de Bernardis, P. and de Rosa, A. and de Zotti, G. and Delabrouille, J. and Desert, F.-X. and Di Valentino, E. and Dickinson, C. and Diego, J. M. and Dolag, K. and Dole, H. and Donzelli, S. and Dore, O. and Douspis, M. and Ducout, A. and Dunkley, J. and Dupac, X. and Efstathiou, G. and Elsner, F. and Ensslin, T. A. and Eriksen, H. K. and Farhang, M. and Fergusson, J. and Finelli, F. and Forni, O. and Frailis, M. and Fraisse, A. A. and Franceschi, E. and Frejsel, A. and Galeotta, S. and Galli, S. and Ganga, K. and Gauthier, C. and Gerbino, M. and Ghosh, T. and Giard, M. and Giraud-Heraud, Y. and Giusarma, E. and Gjerlow, E. and Gonzalez-Nuevo, J. and Gorski, K. M. and Gratton, S. and Gregorio, A. and Gruppuso, A. and Gudmundsson, J. E. and Hamann, J. and Hansen, F. K. and Hanson, D. and Harrison, D. L. and Helou, G. and Henrot-Versille, S. and Hernandez-Monteagudo, C. and Herranz, D. and Hildebrandt, S. R. and Hivon, E. and Hobson, M. and Holmes, W. A. and Hornstrup, A. and Hovest, W. and Huang, Z. and Huffenberger, K. M. and Hurier, G. and Jaffe, A. H. and Jaffe, T. R. and Jones, W. C. and Juvela, M. and Keihanen, E. and Keskitalo, R. and Kisner, T. S. and Kneissl, R. and Knoche, J. and Knox, L. and Kunz, M. and Kurki-Suonio, H. and Lagache, G. and Lahteenmaki, A. and Lamarre, J.-M. and Lasenby, A. and Lattanzi, M. and Lawrence, C. R. and Leahy, J. P. and Leonardi, R. and Lesgourgues, J. and Levrier, F. and Lewis, A. and Liguori, M. and Lilje, P. B. and Linden-Vornle, M. and Lopez-Caniego, M. and Lubin, P. M. and Macias-Perez, J. F. and Maggio, G. and Maino, D. and Mandolesi, N. and Mangilli, A. and Marchini, A. and Martin, P. G. and Martinelli, M. and Martinez-Gonzalez, E. and Masi, S. and Matarrese, S. and Mazzotta, P. and McGehee, P. and Meinhold, P. R. and Melchiorri, A. and Melin, J.-B. and Mendes, L. and Mennella, A. and Migliaccio, M. and Millea, M. and Mitra, S. and Miville-Deschenes, M.-A. and Moneti, A. and Montier, L. and Morgante, G. and Mortlock, D. and Moss, A. and Munshi, D. and Murphy, J. A. and Naselsky, P. and Nati, F. and Natoli, P. and Netterfield, C. B. and Norgaard-Nielsen, H. U. and Noviello, F. and Novikov, D. and Novikov, I. and Oxborrow, C. A. and Paci, F. and Pagano, L. and Pajot, F. and Paladini, R. and Paoletti, D. and Partridge, B. and Pasian, F. and Patanchon, G. and Pearson, T. J. and Perdereau, O. and Perotto, L. and Perrotta, F. and Pettorino, V. and Piacentini, F. and Piat, M. and Pierpaoli, E. and Pietrobon, D. and Plaszczynski, S. and Pointecouteau, E. and Polenta, G. and Popa, L. and Pratt, G. W. and Prezeau, G. and Prunet, S. and Puget, J.-L. and Rachen, J. P. and Reach, W. T. and Rebolo, R. and Reinecke, M. and Remazeilles, M. and Renault, C. and Renzi, A. and Ristorcelli, I. and Rocha, G. and Rosset, C. and Rossetti, M. and Roudier, G. and d'Orfeuil, B. Rouille and Rowan-Robinson, M. and Rubino-Martin, J. A. and Rusholme, B. and Said, N. and Salvatelli, V. and Salvati, L. and Sandri, M. and Santos, D. and Savelainen, M. and Savini, G. and Scott, D. and Seiffert, M. D. and Serra, P. and Shellard, E. P. S. and Spencer, L. D. and Spinelli, M. and Stolyarov, V. and Stompor, R. and Sudiwala, R. and Sunyaev, R. and Sutton, D. and Suur-Uski, A.-S. and Sygnet, J.-F. and Tauber, J. A. and Terenzi, L. and Toffolatti, L. and Tomasi, M. and Tristram, M. and Trombetti, T. and Tucci, M. and Tuovinen, J. and Turler, M. and Umana, G. and Valenziano, L. and Valiviita, J. and Van Tent, B. and Vielva, P. and Villa, F. and Wade, L. A. and Wandelt, B. D. and Wehus, I. K. and White, M. and White, S. D. M. and Wilkinson, A. and Yvon, D. and Zacchei, A. and Zonca, A.},
	month = oct,
	year = {2016},
	note = {arXiv: 1502.01589},
	keywords = {Astrophysics - Cosmology and Nongalactic Astrophysics},
	pages = {A13},
	file = {arXiv\:1502.01589 PDF:/home/pawel/.zotero/zotero/2felkxqq.default/zotero/storage/AVQKZ8M8/Planck Collaboration i in. - 2016 - Planck 2015 results. XIII. Cosmological parameters.pdf:application/pdf;arXiv.org Snapshot:/home/pawel/.zotero/zotero/2felkxqq.default/zotero/storage/KS9C6SW9/1502.html:text/html}
}

@article{Neutrino2015,
	title = {Baryons, neutrinos, feedback and weak gravitational lensing},
	volume = {450},
	issn = {1365-2966, 0035-8711},
	url = {http://academic.oup.com/mnras/article/450/2/1212/980076/Baryons-neutrinos-feedback-and-weak-gravitational},
	doi = {10.1093/mnras/stv646},
	language = {en},
	number = {2},
	urldate = {2019-07-01},
	journal = {Monthly Notices of the Royal Astronomical Society},
	author = {Harnois-Déraps, Joachim and van Waerbeke, Ludovic and Viola, Massimo and Heymans, Catherine},
	month = jun,
	year = {2015},
	pages = {1212--1223},
	file = {Pełny tekst:/home/pawel/.zotero/zotero/2felkxqq.default/zotero/storage/QLSHCLXA/Harnois-Déraps i in. - 2015 - Baryons, neutrinos, feedback and weak gravitationa.pdf:application/pdf}
}

@article{AK2018,
	title = {How to obtain a cosmological constant from small exotic {R}4},
	volume = {19},
	issn = {2212-6864},
	url = {http://www.sciencedirect.com/science/article/pii/S2212686417300808},
	doi = {10.1016/j.dark.2017.12.002},
	abstract = {In this paper we determine the cosmological constant as a topological invariant by applying certain techniques from low dimensional differential topology. We work with a small exotic R4 which is embedded into the standard R4. Any exotic R4 is a Riemannian smooth manifold with necessary non-vanishing curvature tensor. To determine the invariant part of such curvature we deal with a canonical construction of R4 where it appears as a part of the complex surface K3\#CP(2)¯. Such R4’s admit hyperbolic geometry. This fact simplifies significantly the calculations and enforces the rigidity of the expressions. In particular, we explain the smallness of the cosmological constant with a value consisting of a combination of (natural) topological invariant. Finally, the cosmological constant appears to be a topologically supported quantity.},
	urldate = {2019-07-01},
	journal = {Physics of the Dark Universe},
	author = {Asselmeyer-Maluga, Torsten and Król, Jerzy},
	month = mar,
	year = {2018},
	keywords = {Cosmological constant, Dark energy theory, Exotic smoothness in dim, Low dimensional topology},
	pages = {66--77},
	file = {Przesłana wersja:/home/pawel/.zotero/zotero/2felkxqq.default/zotero/storage/23FW3PZH/Asselmeyer-Maluga i Król - 2018 - How to obtain a cosmological constant from small e.pdf:application/pdf;ScienceDirect Snapshot:/home/pawel/.zotero/zotero/2felkxqq.default/zotero/storage/ZAEGVHXP/S2212686417300808.html:text/html}
}

@article{AK2014,
	title = {Inflation and topological phase transition driven by exotic smoothness},
	volume = {2014},
	issn = {1687-7357, 1687-7365},
	url = {http://www.hindawi.com/journals/ahep/2014/867460/},
	doi = {10.1155/2014/867460},
	language = {en},
	urldate = {2019-07-01},
	journal = {Advances in High Energy Physics},
	author = {Asselmeyer-Maluga, Torsten and Król, Jerzy},
	year = {2014},
	pages = {1--14},
	file = {Przesłana wersja:/home/pawel/.zotero/zotero/2felkxqq.default/zotero/storage/VC7F7TUW/Asselmeyer-Maluga i Król - 2014 - Inflation and Topological Phase Transition Driven .pdf:application/pdf}
}

@article{AK2019,
	title = {A topological approach to neutrino masses by using exotic smoothness},
	volume = {34},
	issn = {0217-7323, 1793-6632},
	url = {https://www.worldscientific.com/doi/abs/10.1142/S0217732319500974},
	doi = {10.1142/S0217732319500974},
	language = {en},
	number = {13},
	urldate = {2019-07-01},
	journal = {Modern Physics Letters A},
	author = {Asselmeyer-Maluga, Torsten and Król, Jerzy},
	month = apr,
	year = {2019},
	pages = {1950097},
	file = {Przesłana wersja:/home/pawel/.zotero/zotero/2felkxqq.default/zotero/storage/EACFMYMR/Asselmeyer-Maluga i Król - 2019 - A topological approach to neutrino masses by using.pdf:application/pdf}
}

@book{GS1999,
	address = {Providence, RI},
	series = {Graduate studies in mathematics},
	title = {4-manifolds and {Kirby} calculus},
	isbn = {978-0-8218-0994-5},
	language = {eng},
	number = {20},
	publisher = {American Mathematical Society},
	author = {Gompf, Robert E. and Stipsicz, András I.},
	year = {1999},
	note = {OCLC: 246595498},
	file = {Table of Contents PDF:/home/pawel/.zotero/zotero/2felkxqq.default/zotero/storage/4E4RFJDD/Gompf i Stipsicz - 1999 - 4-manifolds and Kirby calculus.pdf:application/pdf}
}

@article{JK2017a,
	title = {Dimension 4: {Quantum} origins of spacetime smoothness},
	volume = {48},
	url = {http://www.actaphys.uj.edu.pl/fulltext?series=Reg&vol=48&page=2375},
	language = {en},
	journal = {Acta Physica Polonica B},
	author = {Król, Jerzy and Klimasara, P. and Bielas, K. and Asselmeyer-Maluga, Torsten},
	year = {2017},
	pages = {2375--2380}
}

@article{Freedman1979,
	title = {A {Fake} {$S^3\times \mathbb{R}$}},
	volume = {110},
	issn = {0003-486X},
	url = {https://www.jstor.org/stable/1971257},
	doi = {10.2307/1971257},
	number = {2},
	urldate = {2019-07-01},
	journal = {Annals of Mathematics},
	author = {Freedman, Michael Hartley},
	year = {1979},
	pages = {177--201}
}

@book{Kappos1969,
	address = {New York},
	title = {Probability {Algebras} and {Stochastic} {Spaces}},
	isbn = {978-0-12-397650-5},
	url = {https://linkinghub.elsevier.com/retrieve/pii/C20130074038},
	language = {en},
	urldate = {2019-07-01},
	publisher = {Elsevier},
	author = {Kappos, Demetrios A.},
	year = {1969},
	doi = {10.1016/C2013-0-07403-8}
}

@book{Jech2003,
	address = {Berlin Heidelberg},
	edition = {3},
	series = {Springer {Monographs} in {Mathematics}},
	title = {Set theory: the third millennium edition, revised and expanded},
	isbn = {978-3-540-44085-7},
	shorttitle = {Set {Theory}},
	url = {https://www.springer.com/gp/book/9783540440857},
	language = {en},
	urldate = {2019-07-01},
	publisher = {Springer-Verlag},
	author = {Jech, Thomas},
	year = {2003}
}

@book{Bell2005,
	address = {Oxford},
	title = {Set {Theory}: {Boolean}-{Valued} {Models} and {Independence} {Proofs}},
	language = {en},
	urldate = {2019-07-01},
	publisher = {Clarendon Press},
	author = {Bell, John},
	year = {2005}
}

@article{Boos1996,
	title = {Mathematical quantum theory {I}: {Random} ultrafilters as hidden variables},
	volume = {107},
	issn = {1573-0964},
	shorttitle = {Mathematical quantum theory {I}},
	url = {https://doi.org/10.1007/BF00413903},
	doi = {10.1007/BF00413903},
	language = {en},
	number = {1},
	urldate = {2019-07-01},
	journal = {Synthese},
	author = {Boos, William},
	month = apr,
	year = {1996},
	keywords = {Functional Calculus, Hide Variable, Quantum Measurement, Quantum Theory, Random Model},
	pages = {83--143}
}

@article{Solovay1970,
	title = {A {Model} of set theory in which every set of reals is {Lebesgue} measurable},
	volume = {92},
	language = {en},
	number = {1},
	journal = {Annales of Mathematics},
	author = {Solovay, R.M.},
	year = {1970},
	pages = {1--56}
}

@book{Jech1986,
	address = {Cambridge},
	series = {Cambridge {Tracts} in {Mathematics}},
	title = {Multiple forcing},
	isbn = {978-0-521-26659-8},
	number = {88},
	publisher = {Cambridge University Press},
	author = {Jech, Tomáš},
	year = {1986},
	keywords = {Ograniczenie (teoria modeli)}
}

@article{JKuniverse17,
	title = {From {Quantum} to {Cosmological} {Regime}. {The} {Role} of {Forcing} and {Exotic} 4-{Smoothness}},
	volume = {3},
	issn = {2218-1997},
	url = {http://www.mdpi.com/2218-1997/3/2/31},
	doi = {10.3390/universe3020031},
	language = {en},
	number = {2},
	urldate = {2019-07-01},
	journal = {Universe},
	author = {Król, Jerzy and Asselmeyer-Maluga, Torsten and Bielas, Krzysztof and Klimasara, Paweł},
	month = mar,
	year = {2017},
	pages = {31},
	file = {Pełny tekst:/home/pawel/.zotero/zotero/2felkxqq.default/zotero/storage/IMKPZFB7/Król i in. - 2017 - From Quantum to Cosmological Regime. The Role of F.pdf:application/pdf}
}