
@book{heller_filozofia_2006,
	address = {Kraków},
	title = {Filozofia i wszechświat: wybór pism},
	isbn = {83-242-0542-X},
	shorttitle = {Filozofia i wszechświat},
	language = {pl},
	publisher = {TAiWPN UNIVERSITAS},
	author = {Heller, Michał},
	year = {2006},
	keywords = {filozofia, Fizyka, Kosmologia, Wszechświat}
}

@article{dembinski_o_2015,
	title = {O niektórych aspektach platońskiej filozofii matematyki},
	issn = {0867-8286},
	url = {http://zfn.edu.pl/index.php/zfn/article/view/7},
	language = {pl},
	number = {58},
	journal = {Philosophical Problems in Science (Zagadnienia Filozoficzne w Nauce)},
	author = {Dembiński, Bogdan},
	month = jun,
	year = {2015},
	keywords = {history of philosophy, mathematical platonism, philosophy of mathematics, Plato},
	pages = {45--61},
	file = {Full Text PDF:/home/pawel/.zotero/zotero/2felkxqq.default/zotero/storage/9FKMMWNQ/Dembiński - 2015 - O niektórych aspektach platońskiej filozofii matem.pdf:application/pdf;Snapshot:/home/pawel/.zotero/zotero/2felkxqq.default/zotero/storage/MXPCNGQ3/7.html:text/html}
}

@book{dembinski_pozny_2010,
	address = {Kęty},
	series = {Fundamenta : studia z historii filozofii},
	title = {Późny {Platon} i {Stara} {Akademia} [{Late} {Plato} and the {Old} {Academy}]},
	isbn = {978-83-61199-35-9},
	language = {pl},
	number = {t. 63},
	publisher = {Wydawnictwo Marek Derewiecki},
	author = {Dembiński, Bogdan},
	year = {2010},
	keywords = {Akademia (filozofia grecka), Filozofia i matematyka, krytyka i interpretacja, Plato}
}

@book{kirk_filozofia_1999,
	address = {Warszawa-Poznań},
	title = {Filozofia przedsokratejska: studium krytyczne z wybranymi tekstami},
	isbn = {978-83-912572-0-3 978-83-01-13083-1},
	shorttitle = {Filozofia przedsokratejska},
	language = {pl gr},
	publisher = {Wydaw. Naukowe PWN; Axis},
	author = {Kirk, Geoffrey Stephen and Raven, J. E. and Schofield, Malcolm},
	translator = {Lang, Jacek},
	year = {1999},
	keywords = {Presokratycy}
}

@book{jordan_o_1937,
	address = {Poznań},
	series = {Prace {Komisji} {Filozoficznej} / {Poznańskie} {Towarzystwo} {Przyjaciół} {Nauk}},
	title = {O matematycznych podstawach systemu {Platona}: z historii racjonalizmu},
	shorttitle = {O matematycznych podstawach systemu {Platona}},
	language = {pl},
	number = {t. 6},
	publisher = {PTPN},
	author = {Jordan, Zbigniew A.},
	year = {1937}
}

@book{zycinski_swiat_2011,
	address = {Kraków},
	title = {Świat matematyki i jej materialnych cieni: elementy platonizmu w podstawach matematyki},
	isbn = {978-83-62259-21-2},
	shorttitle = {Świat matematyki i jej materialnych cieni},
	language = {pl},
	publisher = {Konsorcjum Akademickie - Wydawnictwo WSE w Krakowie, WSIiZ w Rzeszowie i WSZiA w Zamościu},
	author = {Życiński, Józef},
	year = {2011},
	keywords = {filozofia, Matematyka}
}

@book{dembinski_pozna_2003,
	address = {Katowice},
	series = {Prace {Naukowe} {Uniwersytetu} Śląskiego w {Katowicach}},
	title = {Późna nauka {Platona}: związki ontologii i matematyki},
	isbn = {978-83-226-1249-1},
	shorttitle = {Późna nauka {Platona}},
	language = {pl},
	number = {nr 2143},
	publisher = {Wydaw. Uniwersytetu Śląskiego},
	author = {Dembiński, Bogdan},
	year = {2003},
	keywords = {Plato, wkład do filozofii matematyki}
}

@incollection{dembinski_streit_2007,
	address = {Ankara},
	title = {Streit um die "{Zweiweltentheorie}" in der {Philosophie} von {Plato}},
	isbn = {978-975-7748-34-2},
	shorttitle = {Streit um die "{Zweiweltentheorie}" in der {Philosophie} von {Plato}},
	url = {http://www.pdcnet.org/oom/service?url_ver=Z39.88-2004&rft_val_fmt=&rft.imuse_id=wcp21_2007_0010_0067_0072&svc_id=info:www.pdcnet.org/collection},
	language = {de},
	urldate = {2019-07-10},
	booktitle = {Proceedings of the {Twenty}-{First} {World} {Congress} of {Philosophy}},
	publisher = {Philosophical Society of Turkey},
	author = {Dembiński, Bogdan},
	year = {2007},
	doi = {10.5840/wcp21200710115},
	pages = {67--72}
}

@book{brown_philosophy_2008,
	address = {New York - London},
	edition = {2nd ed},
	series = {Routledge contemporary introductions to philosophy},
	title = {Philosophy of {Mathematics}: {A} {Contemporary} {Introduction} to the {World} of {Proofs} and {Pictures}},
	isbn = {978-0-415-96048-9},
	shorttitle = {Philosophy of mathematics},
	abstract = {"In his long-awaited new edition of Philosophy of Mathematics, James Robert Brown tackles important new as well as enduring questions in the mathematical sciences. Can pictures go beyond being merely suggestive and actually prove anything? Are mathematical results certain? Are experiments of any real value?" "This clear and engaging book takes a unique approach, encompassing nonstandard topics such as the role of visual reasoning, the importance of notation, and the place of computers in mathematics, as well as traditional topics such as formalism, Platonism, and constructivism. The combination of topics and clarity of presentation make it suitable for beginners and experts alike. The revised and updated second edition of Philosophy of Mathematics contains more examples, suggestions for further reading, and expanded material on several topics including a novel approach to the continuum hypothesis."--BOOK JACKET},
	language = {en},
	publisher = {Routledge},
	author = {Brown, James Robert},
	year = {2008},
	note = {OCLC: ocn175218043},
	keywords = {Mathematics, Philosophy},
	file = {Brown - 2008 - Philosophy of mathematics a contemporary introduc.pdf:/home/pawel/.zotero/zotero/2felkxqq.default/zotero/storage/RLWYDMMT/Brown - 2008 - Philosophy of mathematics a contemporary introduc.pdf:application/pdf}
}

@book{aristotle_aristotles_1924,
	address = {Oxford},
	title = {Aristotle's {Metaphysics}: {A} {Revised} {Text} with {Introduction} and {Commentary}},
	volume = {2},
	shorttitle = {Aristotle's {Metaphysics}},
	language = {Greek, Ancient},
	publisher = {Clarendon Press},
	author = {{Aristotle}},
	editor = {Ross, W. D},
	year = {1924},
	note = {OCLC: 606028202}
}

@book{isnardi_parente_studi_1979,
	address = {Firenze},
	series = {Saggi filosofici ; 1},
	title = {Studi sull'{Accademia} platonica antica},
	isbn = {978-88-222-2848-2},
	language = {itagrc},
	publisher = {L. S. Olschki},
	author = {Isnardi Parente, Margherita},
	year = {1979},
	keywords = {Plato, Platonists}
}

@book{dillon_heirs_2003,
	address = {Oxford},
	title = {The {Heirs} of {Plato}: {A} {Study} of the {Old} {Academy} (347-274 {B}.c.)},
	isbn = {978-0-19-823766-2},
	shorttitle = {The heirs of {Plato}},
	language = {en},
	publisher = {Clarendon Press},
	author = {Dillon, John Myles},
	year = {2003},
	keywords = {Platonizm}
}

@book{gajda-krynicka_filozofia_2007,
	address = {Warszawa},
	series = {Krótkie {Wykłady} z {Filozofii}},
	title = {Filozofia przedplatońska},
	isbn = {978-83-01-15216-1},
	language = {pl},
	publisher = {Wydawnictwo Naukowe PWN},
	author = {Gajda-Krynicka, Janina},
	year = {2007},
	keywords = {podręczniki akademickie, Presokratycy}
}

@book{resnik_mathematics_2001,
	address = {Oxford},
	title = {Mathematics as a {Science} of {Patterns}},
	isbn = {978-0-19-823608-5},
	language = {en},
	publisher = {Clarendon Press},
	author = {Resnik, Michael D.},
	year = {2001}
}

@book{plato_platonis_1955,
	address = {Oxonium},
	series = {Scriptorum {Classicorum} {Bibliotheca} {Oxoniensis}},
	title = {Platonis {Opera}. {Recognovit} {Brevique} {Adnotatione} {Critica} {Instruxit} {Joannes} {Burnet}. {Vol} 1-5},
	shorttitle = {Platonis opera. {T}. 1},
	publisher = {Typographeo Clarendoniano},
	author = {Plato},
	editor = {Burnet, John},
	year = {1955}
}

@book{murawski_filozofia_1995,
	address = {Warszawa},
	title = {Filozofia matematyki: zarys dziejów},
	isbn = {978-83-01-11976-8},
	shorttitle = {Filozofia matematyki},
	language = {pl},
	publisher = {Wydawnictwo Naukowe PWN},
	author = {Murawski, Roman},
	year = {1995},
	keywords = {filozofia historia, Matematyka}
}

@book{shapiro_philosophy_2000,
	address = {Oxford ; New York},
	title = {Philosophy of {Mathematics}: {Structure} and {Ontology}},
	isbn = {978-0-19-513930-3},
	shorttitle = {Philosophy of mathematics},
	language = {en},
	publisher = {Oxford University Press},
	author = {Shapiro, Stewart},
	year = {2000}
}

@book{plato_plato_1969,
	address = {Cambridge, Mass.; London},
	title = {Plato in {Twelve} {Volumes}: {With} an {English} {Translation}. {Vol}. 5 \& 6},
	isbn = {978-0-674-99040-1 978-0-674-99183-5 978-0-674-99184-2 978-0-674-99185-9 978-0-674-99262-7 978-0-674-99304-4 978-0-674-99137-8 978-0-674-99182-8 978-0-674-99257-3 978-0-674-99221-4},
	shorttitle = {Plato in twelve volumes},
	language = {Greek and English on opposite pages.},
	publisher = {Harvard University Press ; William Heinemann Ltd.},
	author = {{Plato}},
	translator = {Shorey, Paul},
	year = {1969},
	note = {OCLC: 521981192}
}