
@book{zycinski_structure_1988,
	address = {Tucson},
	series = {Philosophy in {Science} {Library}},
	title = {The {Structure} of the {Metascientific} {Revolution}: {An} {Essay} on the {Growth} of {Modern} {Science}},
	isbn = {978-0-88126-703-7},
	shorttitle = {The structure of the metascientific revolution},
	language = {en},
	number = {3},
	publisher = {Pachart Publishing House},
	author = {Życiński, Józef},
	year = {1988},
	note = {OCLC: 833911652}
}

@book{ferrier_institutes_1854,
	address = {Edinburgh-London},
	title = {Institutes of {Metaphysic}: {The} {Theory} of {Knowing} and {Being}},
	shorttitle = {Institutes of metaphysic},
	url = {http://archive.org/details/institutesofmeta00ferruoft},
	language = {en},
	urldate = {2019-07-04},
	publisher = {William Blackwood \& Sons},
	author = {Ferrier, James Frederick},
	year = {1854},
	keywords = {Metaphysics}
}

@article{heller_filozoficzny_2011,
	title = {Filozoficzny program {Józefa} Życińskiego},
	copyright = {Copyright (c) 2016 Zagadnienia Filozoficzne w Nauce},
	issn = {2451-0602},
	url = {http://zfn.edu.pl/index.php/zfn/article/view/136},
	language = {pl},
	number = {48},
	urldate = {2019-07-04},
	journal = {Philosophical Problems in Science (Zagadnienia Filozoficzne w Nauce)},
	author = {Heller, Michał},
	month = jun,
	year = {2011},
	keywords = {philosophy of science, Józef Życiński},
	pages = {5--22},
	file = {Full Text PDF:/home/pawel/.zotero/zotero/2felkxqq.default/zotero/storage/X2EQKP3U/Heller - 2011 - Filozoficzny program Józefa Życińskiego.pdf:application/pdf;Snapshot:/home/pawel/.zotero/zotero/2felkxqq.default/zotero/storage/QGFZRKRP/136.html:text/html}
}

@book{herschel_wstep_1955,
	address = {Warszawa},
	series = {Biblioteka {Klasyków} {Filozofii}},
	title = {Wstęp do badań przyrodniczych},
	language = {pl},
	publisher = {Państwowe Wydawnictwo Naukowe},
	author = {Herschel, John Frederick},
	translator = {Pawłowski, Tadeusz},
	year = {1955},
	keywords = {Nauki przyrodnicze, metodologia}
}

@incollection{liana_uzasadnienie_2006,
	address = {Kraków},
	title = {Uzasadnienie wiedzy – specyficzny problem epistemologiczny w filozofii {K}.{R}. {Poppera}},
	language = {pl},
	booktitle = {Wyz\-wania racjonalności. {Księdzu} {Michałowi} {Hellerowi} współpracownicy i uczniowie},
	publisher = {OBI–WAM},
	author = {Liana, Zbigniew},
	editor = {Wszołek, S. and Janusz, R.},
	year = {2006},
	pages = {405--424}
}

@incollection{evers_can_2016,
	series = {Issues in {Science} and {Religion}: {Publications} of the {European} {Society} for the {Study} of {Science} and {Theology}},
	title = {Can reason be emotional?},
	isbn = {978-3-319-26767-8},
	abstract = {This volume examines emotions and emotional well-being from a rich variety of theological, philosophical and scientific and therapeutic perspectives. To experience emotion is a part of being human; but what are emotions? How can theology, philosophy and the natural sciences unpack the nature and content of emotions? This volume is based on contributions to the 15th European Conference on Science and Theology held in Assisi, Italy. It brings together contributions from scholars of various academic backgrounds from around the world, whose individual insights are made all the richer by their juxtaposition with those from experts in other fields, leading to a unique exchange of ideas.},
	language = {en},
	booktitle = {Issues in {Science} and {Theology}: {Do} {Emotions} {Shape} the {World}?},
	publisher = {Springer International Publishing},
	author = {Liana, Zbigniew},
	editor = {Evers, Dirk and Fuller, Michael and Runehov, Anne and Sæther, Knut-Willy},
	year = {2016},
	pages = {273--282}
}

@book{popper_beiden_1979,
	address = {Tübingen},
	series = {Die {Einheit} der {Gesellschaftswissenschaften}},
	title = {Die beiden {Grundprobleme} der {Erkenntnistheorie}: aufgrund von {Ms}. aus d. {Jahren} 1930-1933},
	isbn = {978-3-16-838212-6},
	shorttitle = {Die beiden {Grundprobleme} der {Erkenntnistheorie}},
	language = {de},
	number = {Bd. 18},
	publisher = {J.C.B. Mohr},
	author = {Popper, Karl R.},
	year = {1979},
	keywords = {Knowledge, Theory of, Experience, Induction (Logic)}
}

@article{sinacoer_lepistemologie_1973,
	title = {L’épistémologie performative de {G}. {Bachelard}},
	language = {fr},
	number = {308},
	journal = {Critique},
	author = {Sinacœr, M. A.},
	year = {1973},
	pages = {53--66}
}

@book{duhem_pierre_1991,
	address = {Wrocław},
	title = {Pierre {Duhema} filozofia nauki},
	isbn = {978-83-229-0620-0},
	language = {pl},
	publisher = {Wydawnictwo Uniwersytetu Wrocławskiego},
	author = {Duhem, Pierre},
	editor = {Szlachcic, Krzysztof},
	translator = {Sakowska, Monika},
	year = {1991},
	keywords = {filozofia, Fizyka, metodologia}
}

@book{watkins_nauka_1989,
	address = {Warszawa},
	title = {Nauka a sceptycyzm},
	isbn = {978-83-01-09171-2},
	language = {pl},
	publisher = {Państwowe Wydaw. Naukowe},
	author = {Watkins, John William Nevill},
	translator = {Chmielecka, Ewa and Chmielecki, Andrzej},
	year = {1989},
	keywords = {Nauka, filozofia, Sceptycyzm}
}

@book{zycinski_jezyk_1983,
	address = {Kraków},
	title = {Język i metoda},
	publisher = {Znak},
	author = {Życiński, Józef},
	year = {1983},
	keywords = {Filozofia języka, Metodologia}
}

@book{zycinski_teizm_1985,
	address = {Kraków},
	title = {Teizm i filozofia analityczna. {T}. 1},
	isbn = {978-83-7006-074-9},
	publisher = {Znak},
	author = {Życiński, Józef},
	year = {1985},
	keywords = {Filozofia, Filozofia analityczna, Teizm}
}

@book{zycinski_teizm_1988,
	address = {Kraków},
	title = {Teizm i filozofia analityczna. {T}. 2},
	isbn = {978-83-7006-131-9},
	publisher = {Znak},
	author = {Życiński, Józef},
	year = {1988},
	keywords = {Filozofia, Filozofia analityczna, Teizm}
}

@book{zycinski_granice_1993,
	address = {Warszawa},
	title = {Granice racjonalności: eseje z filozofii nauki},
	isbn = {978-83-01-11080-2},
	shorttitle = {Granice racjonalności},
	publisher = {Wydaw. Naukowe PWN},
	author = {Życiński, Józef},
	year = {1993},
	keywords = {Nauka, filozofia, Filozofia}
}

@book{zycinski_elementy_1996,
	address = {Tarnów},
	series = {Academica},
	title = {Elementy filozofii nauki},
	isbn = {978-83-85380-93-1},
	number = {30},
	publisher = {Biblos},
	author = {Życiński, Józef},
	year = {1996},
	keywords = {Nauka, filozofia, Filozofia, Wiedza}
}

@incollection{wolenski_odpowiedz_2009,
	address = {Kraków},
	title = {Odpowiedź {Józefowi} Życińskiemu},
	language = {pl},
	booktitle = {Prace {Komisji} {Filozofii} {Nauk} {Przyrodniczych} {Polskiej} {Akademii} {Umiejętności}. {Tom} 3},
	publisher = {Polska Akademia Umiejętności},
	author = {Woleński, Jan},
	editor = {Janik, Jerzy A.},
	year = {2009},
	pages = {15--18}
}

@incollection{zycinski_czy_2009,
	address = {Kraków},
	title = {Czy filozofia nauki może być niezależna od nauk przyrodniczych? {Polemika} z {Janem} {Woleńskim}},
	language = {pl},
	booktitle = {Prace {Komisji} {Filozofii} {Nauk} {Przyrodniczych} {Polskiej} {Akademii} {Umiejętności}. {Tom} 3},
	publisher = {Polska Akademia Umiejętności},
	author = {Życiński, Józef},
	editor = {Janik, Jerzy A.},
	year = {2009},
	pages = {7--13}
}

@book{zycinski_struktura_2013,
	address = {Kraków},
	title = {Struktura rewolucji metanaukowej: studium rozwoju współczesnej nauki},
	isbn = {978-83-7886-011-2},
	shorttitle = {Struktura rewolucji metanaukowej},
	language = {pl},
	publisher = {Copernicus Center Press},
	author = {Życiński, Józef},
	translator = {Furman, Michał},
	year = {2013},
	keywords = {Nauka, filozofia, metodologia}
}

@book{zycinski_elementy_2015,
	address = {Kraków},
	edition = {Wydanie 2 poszerz.},
	series = {{Bramy} {Nauki}},
	title = {Elementy filozofii nauki},
	isbn = {978-83-7886-141-6},
	language = {pl},
	publisher = {Copernicus Center Press},
	author = {Życiński, Józef},
	year = {2015},
	keywords = {filozofia, Nauka}
}

@book{suppe_structure_1974,
	address = {Urbana},
	title = {The {Structure} of {Scientific} {Theories}},
	isbn = {978-0-252-00634-0},
	abstract = {Wissenschaftstheorie.},
	language = {en},
	publisher = {University of Illinois Press},
	editor = {Suppe, Frederick},
	year = {1974},
	keywords = {Philosophy / General}
}