
@article{dickstein_korespondencya_1901,
	title = {Korespondencya {Kochańskiego} i {Leibniza} według odpisów {D}-ra {E}. {Bodemanna} z oryginałów, znajdujących się w {Bibliotece} {Królewskiej} w {Hanowerze}, po raz pierwszy do druku podana przez {S}. {Dicksteina}},
	volume = {12},
	url = {http://pldml.icm.edu.pl/pldml/element/bwmeta1.element.bwnjournal-article-pmfv12i1p8bwm},
	language = {pl},
	urldate = {2019-07-09},
	journal = {Prace Matematyczno-Fizyczne},
	author = {Dickstein, Samuel},
	year = {1901},
	pages = {225--273},
	file = {Dickstein - 1901 - Korespondencya Kochańskiego i Leibniza według odpi.pdf:/home/pawel/.zotero/zotero/2felkxqq.default/zotero/storage/64PU3ZXB/Dickstein - 1901 - Korespondencya Kochańskiego i Leibniza według odpi.pdf:application/pdf;Snapshot:/home/pawel/.zotero/zotero/2felkxqq.default/zotero/storage/XI3F5UXZ/bwmeta1.element.html:text/html}
}

@book{lisiak_korespondencja_2005,
	address = {Kraków},
	series = {Źródła do {Dziejów} {Kultury}. {Kroniki} i {Listy}},
	title = {Korespondencja {Adama} {Adamandego} {Kochańskiego} {SJ} (1657-1699)},
	isbn = {978-83-89631-32-9},
	language = {pl en fr de lat},
	number = {nr 1},
	publisher = {Wyższa Szkoła Filozoficzno-Pedagogiczna ,,Ignatianum'': Wydawnictwo WAM},
	editor = {Lisiak, Bogdan},
	year = {2005},
	keywords = {Polska, życie intelektualne, korespondencja, 17 w, Europa, Kochański, Adam, źródła}
}

@article{dobrzycki_deux_1967,
	title = {Deux lettres inédites de {Leibniz} à {Kochański}},
	volume = {4},
	journal = {Organon},
	author = {Dobrzycki, Stanisław},
	year = {1967},
	pages = {217--228}
}

@article{dickstein_korespondencya_1902,
	title = {Korespondencya {Kochańskiego} i {Leibniza}, według odpisów {D}-ra {E}. {Bodemanna} z oryginałów, znajdujących się w {Bibliotece} królewskiej w {Hanowerze}, po raz pierwszy do druku podana przez {S}. {Dicksteina} (ciąg dalszy i dokończenie)},
	volume = {13},
	url = {http://pldml.icm.edu.pl/pldml/element/bwmeta1.element.bwnjournal-article-pmfv13i1p6bwm},
	language = {pl},
	urldate = {2019-07-09},
	journal = {Prace Matematyczno-Fizyczne},
	author = {Dickstein, Samuel},
	year = {1902},
	pages = {237--283},
	file = {Dickstein - 1902 - Korespondencya Kochańskiego i Leibniza, według odp.pdf:/home/pawel/.zotero/zotero/2felkxqq.default/zotero/storage/C6GP669E/Dickstein - 1902 - Korespondencya Kochańskiego i Leibniza, według odp.pdf:application/pdf;Snapshot:/home/pawel/.zotero/zotero/2felkxqq.default/zotero/storage/XJNVAG9Q/bwmeta1.element.html:text/html}
}

@article{bubula_woluntaryzm_2011,
	title = {Woluntaryzm w~ujęciu {Gottfrieda} {Wilhelma} {Leibniza} i {Samuela} {Clarke}'a},
	copyright = {Copyright (c) 2016 Zagadnienia Filozoficzne w Nauce},
	issn = {2451-0602},
	url = {http://zfn.edu.pl/index.php/zfn/article/view/140},
	language = {pl},
	number = {48},
	urldate = {2019-07-09},
	journal = {Philosophical Problems in Science (Zagadnienia Filozoficzne w Nauce)},
	author = {Bubula, Daniel},
	month = jun,
	year = {2011},
	pages = {77--94},
	file = {Full Text PDF:/home/pawel/.zotero/zotero/2felkxqq.default/zotero/storage/DNXXIQSC/Bubula - 2011 - Woluntaryzm w ujeciu Gottfrieda Wilhelma Leibniza .pdf:application/pdf;Snapshot:/home/pawel/.zotero/zotero/2felkxqq.default/zotero/storage/CXC4TUV6/140.html:text/html}
}

@article{heller_wyzwanie_2016,
	title = {Wyzwanie dla racjonalności: {Leibniz} i początek ery {Newtona}},
	copyright = {Copyright (c) 2016 Zagadnienia Filozoficzne w Nauce},
	issn = {2451-0602},
	shorttitle = {Wyzwanie dla racjonalności},
	url = {http://zfn.edu.pl/index.php/zfn/article/view/377},
	language = {pl},
	number = {61},
	urldate = {2019-07-09},
	journal = {Philosophical Problems in Science (Zagadnienia Filozoficzne w Nauce)},
	author = {Heller, Michał},
	month = dec,
	year = {2016},
	pages = {5--22},
	file = {Full Text PDF:/home/pawel/.zotero/zotero/2felkxqq.default/zotero/storage/CI3E89BA/Heller - 2016 - Wyzwanie dla racjonalności Leibniz i początek ery.pdf:application/pdf;Snapshot:/home/pawel/.zotero/zotero/2felkxqq.default/zotero/storage/QYDV4J8Q/377.html:text/html}
}

@article{heller_stworzenie_2008,
	title = {Stworzenie świata według {Leibniza}},
	copyright = {Copyright (c) 2016 Zagadnienia Filozoficzne w Nauce},
	issn = {2451-0602},
	url = {http://zfn.edu.pl/index.php/zfn/article/view/243},
	language = {pl},
	number = {42},
	urldate = {2019-07-09},
	journal = {Philosophical Problems in Science (Zagadnienia Filozoficzne w Nauce)},
	author = {Heller, Michał},
	month = jun,
	year = {2008},
	pages = {3--14},
	file = {Full Text PDF:/home/pawel/.zotero/zotero/2felkxqq.default/zotero/storage/RREA98MP/Heller - 2008 - Stworzenie świata według Leibniza.pdf:application/pdf;Snapshot:/home/pawel/.zotero/zotero/2felkxqq.default/zotero/storage/9K7VGNYZ/243.html:text/html}
}

@article{dickstein_wyjatek_1897,
	title = {Wyjątek z korespondencji {Kochańskiego} z {Lei\-bnizem}},
	volume = {1},
	journal = {Przegląd Filozoficzny},
	author = {Dickstein, Samuel},
	year = {1897},
	pages = {71--85}
}

@article{targosz_polski_2003,
	title = {Polski wątek w~życiu i sprawie {Galileusza} „{Galileo} {Galilei} e il mondo polacco” {Bronisława} {Bilińskiego} (1969) z uzupełnieniami},
	copyright = {Copyright (c) 2003 Zagadnienia Filozoficzne w Nauce},
	issn = {2451-0602},
	language = {pl},
	number = {32},
	journal = {Philosophical Problems in Science (Zagadnienia Filozoficzne w Nauce)},
	author = {Targosz, Karolina},
	year = {2003},
	pages = {45--90}
}