
@article{M,
	title = {Derivation of {Quantum} {Mechanics} algebraic structure from invariance of the laws of {Nature} under system composition and {Leibniz} identity},
	archivePrefix = {arXiv},
	eprint = {1505.05577},
	primaryClass = {quant-ph},
	author = {Moldoveanu, Florin},
	month = may,
	year = {2015},
	urldate = {2019-03-20},
	keywords = {Quantum Physics}
}

@article{K,
	title = {Is quantum mechanics exact?},
	volume = {54},
	issn = {0022-2488, 1089-7658},
	doi = {10.1063/1.4811217},
	language = {en},
	number = {6},
	journal = {Journal of Mathematical Physics},
	author = {Kapustin, Anton},
	month = jun,
	year = {2013},
	pages = {062107}
}

@book{Landsman,
	address = {New York},
	series = {Springer {Monographs} in {Mathematics}},
	title = {Mathematical {Topics} {Between} {Classical} and {Quantum} {Mechanics}},
	isbn = {978-0-387-98318-9},
	publisher = {Springer-Verlag},
	author = {Landsman, Nicholas P.},
	year = {1998}
}

@article{JNW,
	title = {On an algebraic generalization of the quantum mechanical formalism},
	volume = {35},
	issn = {0003-486X},
	url = {https://www.jstor.org/stable/1968117},
	doi = {10.2307/1968117},
	language = {en},
	number = {1},
	urldate = {2019-07-02},
	journal = {Annals of Mathematics},
	author = {Jordan, P. and Neumann, J. v. and Wigner, E.},
	year = {1934},
	pages = {29--64}
}

@book{Braun,
	address = {Berlin},
	series = {Grundlehren der mathematischen {Wissenschaften}},
	title = {Jordan-{Algebren}},
	isbn = {978-3-642-94948-7},
	publisher = {Springer-Verlag},
	author = {Braun, Hel and Koecher, Max},
	year = {1966}
}

@book{Mc,
	address = {New York},
	series = {Universitext},
	title = {A {Taste} of {Jordan} {Algebras}},
	isbn = {978-0-387-95447-9},
	publisher = {Springer-Verlag},
	author = {McCrimmon, Kevin},
	year = {2004}
}

@article{P,
	title = {Algebraic implications of composability of physical systems},
	volume = {50},
	issn = {0010-3616, 1432-0916},
	url = {https://projecteuclid.org/euclid.cmp/1103900192},
	abstract = {Project Euclid - mathematics and statistics online},
	language = {en},
	number = {2},
	urldate = {2019-07-02},
	journal = {Communications in Mathematical Physics},
	author = {Grgin, Emil and Petersen, Aage},
	year = {1976},
	mrnumber = {MR0432725},
	zmnumber = {0358.17005},
	pages = {177--188}
}

@incollection{H,
	series = {Lecture {Notes} in {Mathematics}},
	title = {{JB}-algebras with tensor products are {C}*-algebras},
	isbn = {978-3-540-39514-0},
	language = {en},
	number = {1132},
	booktitle = {Operator {Algebras} and their {Connections} with {Topology} and {Ergodic} {Theory}},
	publisher = {Springer},
	address = {Berlin, Heidelberg},
	author = {Hanche-Olsen, Harald},
	editor = {Araki, Huzihiro and Moore, Calvin C. and Stratila, Serban-Valentin and Voiculescu, Dan-Virgil},
	year = {1985},
	pages = {223--229}
}

@book{HS,
	address = {Boston, London, Melbourne},
	series = {Studies in {Mathematics}},
	title = {Jordan operator algebras},
	language = {en},
	number = {21},
	publisher = {Pitman},
	author = {Hanche-Olsen, H. and Størmer, E.},
	year = {1984}
}

@article{Arodz,
	title = {Ehrenfest’s {Theorem} {Revisited}},
	issn = {2451-0602},
	language = {en},
	number = {66},
	journal = {Philosophical Problems in Science (Zagadnienia Filozoficzne w Nauce)},
	author = {Arodź, H.},
	year = {2019},
	pages = {\pageref{arodz-start}--\pageref{arodz-stop}}
}