
@book{wolsza_stanislaw_2019,
	address = {Kraków},
	series = {Polska {Filozofia} {Chrześcijańska} {XX} wieku},
	title = {Stanisław {Kamiński}},
	isbn = {978-83-7614-400-9},
	language = {pl},
	publisher = {Wydawnictwo Naukowe Akademii Ignatianum},
	editor = {Wolsza, Kazimierz},
	year = {2019},
	keywords = {20 w, Filozofia chrześcijańska, Kamiński, Stanisław}
}

@book{wolsza_stanislaw_2019-1,
	address = {Krakow},
	series = {The {Polish} {Christian} {Philosophy} in the 20th century},
	title = {Stanisław {Kamiński}},
	isbn = {978-83-7614-403-0},
	language = {en},
	publisher = {Ignatianum University Press},
	editor = {Wolsza, Kazimierz},
	year = {2019},
	keywords = {20 w, Filozofia chrześcijańska, Kamiński, Stanisław}
}