
@book{dembinski_pozny_2010,
	address = {Kęty},
	series = {{Fundamenta:} Studia z Historii Filozofii},
	title = {Późny {Platon} i {Stara} {Akademia}},
	isbn = {978-83-61199-35-9},
	number = {t. 63},
	publisher = {Wydawnictwo Marek Derewiecki},
	author = {Dembiński, Bogdan},
	year = {2010},
	keywords = {Akademia (filozofia grecka), Filozofia i matematyka, krytyka i interpretacja, Plato}
}

@book{dembinski_pozna_2003,
	address = {Katowice},
	series = {Prace {Naukowe} {Uniwersytetu} Śląskiego w {Katowicach}},
	title = {Późna nauka {Platona}: związki ontologii i matematyki},
	isbn = {978-83-226-1249-1},
	shorttitle = {Późna nauka {Platona}},
	number = {nr 2143},
	publisher = {Wydawnictwo Uniwersytetu Śląskiego},
	author = {Dembiński, Bogdan},
	year = {2003},
	keywords = {Plato, wkład do filozofii matematyki}
}

@book{dembinski_teoria_1997,
	address = {Katowice},
	series = {Prace {Naukowe} {Uniwersytetu} Śląskiego w {Katowicach}},
	title = {Teoria idei: ewolucja myśli {Platońskiej}},
	isbn = {978-83-226-0758-9},
	shorttitle = {Teoria idei},
	number = {nr 1663},
	publisher = {Wydawnictwo Uniwersytetu Śląskiego},
	author = {Dembiński, Bogdan},
	collaborator = {{Uniwersytet Śląski (Katowice)}},
	year = {1997},
	keywords = {Idea (filozofia), krytyka i interpretacja, metafizyka, Plato, Socrates, wpływ}
}

@book{dembinski_stara_2018,
	address = {Kęty},
	series = {Fundamenta: studia z historii filozofii},
	title = {Stara {Akademia} {Platona}: w początkach epoki hellenistycznej (ostatni okres)},
	isbn = {978-83-65031-34-1},
	shorttitle = {Stara {Akademia} {Platona}},
	number = {91},
	publisher = {Wydawnictwo Marek Derewiecki},
	author = {Dembiński, Bogdan},
	year = {2018},
	keywords = {Akademia (filozofia grecka), Filozofia starożytna, Plato}
}