
@book{dzidek_poznanie_2006,
	address = {Kraków},
	series = {Teologia fundamentalna},
	title = {Poznanie teologiczne},
	isbn = {83-7438-047-0},
	language = {pl},
	number = {5},
	publisher = {Wydawnictwo Naukowe Papieskiej Akademii Teologicznej},
	editor = {Dzidek, Tadeusz and Kamykowski, Łukasz and Napiórkowski, Andrzej},
	year = {2006},
	keywords = {historia, metodologia, Teologia, Teoria poznania (religia)}
}

@article{marciszewski_wszechswiat_1999,
	title = {Wszechświat jako komputer i sprawy ostateczne},
	url = {https://www.computerworld.pl/news/Wszechswiat-jako-komputer-i-sprawy-ostateczne,286657.html},
	number = {9},
	journal = {Computerworld},
	author = {Marciszewski, Witold},
	month = sep,
	year = {1999}
}

@book{heller_wazniejsze_2018,
	address = {Kraków},
	title = {Ważniejsze niż {Wszechświat}},
	isbn = {978-83-7886-386-1},
	language = {pl},
	publisher = {Copernicus Center Press},
	author = {Heller, Michał},
	year = {2018},
	note = {OCLC: 1079416641}
}

@book{heller_jak_2009,
	address = {Kraków},
	title = {Jak być uczonym},
	isbn = {978-83-240-1187-2},
	language = {pl},
	publisher = {Znak},
	author = {Heller, Michał},
	editor = {Szczerbińska-Polak, Małgorzata},
	year = {2009},
	keywords = {Learning and scholarship, Philosophy and science}
}

@book{haeckel_kunstformen_1904,
	address = {Leipzig und Wien},
	title = {Kunstformen der {Natur}},
	language = {de},
	publisher = {Verlag des Bibliographischen Instituts},
	author = {Haeckel, Ernst},
	year = {1904}
}

@book{kochanski_korespondencja_2005,
	address = {Kraków},
	series = {Źródła do {Dziejów} {Kultury}. {Kroniki} i {Listy}},
	title = {Korespondencja {Adama} {Adamandego} {Kochańskiego} {SJ} (1657-1699)},
	isbn = {978-83-89631-32-9},
	language = {pl en fr de lat},
	number = {nr 1},
	publisher = {Wyższa Szkoła Filozoficzno-Pedagogiczna ,,Ignatianum'': Wydawnictwo WAM},
	author = {Kochański, Adam Adamandy},
	editor = {Lisiak, Bogdan and Grzebień, Ludwik},
	year = {2005},
	keywords = {17 w, Europa, Kochański, Adam, korespondencja, Polska, źródła, życie intelektualne}
}

@book{leibniz_monadology_1898,
	address = {Oxford},
	title = {The monadology and other philosophical writings},
	isbn = {978-1-172-28922-6},
	language = {en},
	publisher = {Oxford University Press},
	author = {Leibniz, Gottfried Wilhelm},
	translator = {Latta, Robert},
	year = {1898},
	note = {Google-Books-ID: fEfuAgAAQBAJ},
	keywords = {History / General},
	file = {Leibniz - 1898 - The monadology and other philosophical writings.pdf:/home/pawel/.zotero/zotero/2felkxqq.default/zotero/storage/55M2A977/Leibniz - 1898 - The monadology and other philosophical writings.pdf:application/pdf}
}

@book{kochanski_korespondencja_2019,
	address = {Warszawa},
	title = {Korespondencja {Adama} {Adamandego} {Kochańskiego} i {Gottfrieda} {Wilhelma} {Leibniza} z lat 1670-1698},
	isbn = {978-83-66104-12-9},
	language = {pl},
	publisher = {Muzeum Pałacu Króla Jana III w Wilanowie},
	author = {Kochański, Adam Adamandy and Leibniz, Gottfried Wilhelm},
	translator = {Sieńko, Dorota},
	year = {2019}
}