@book{pol_heller_philosophy_2011,
	address = {Berlin, Heidelberg},
	title = {Philosophy in {Science}},
	isbn = {978-3-642-17705-7},
	url = {http://link.springer.com/10.1007/978-3-642-17705-7},
	language = {en},
	urldate = {2016-12-10},
	publisher = {Springer Berlin Heidelberg},
	author = {Heller, Michael},
	year = {2011}
}

@article{pol_heller_category_2016,
	title = {Category {Free} {Category} {Theory} and {Its} {Philosophical} {Implications}},
	volume = {25},
	copyright = {Copyright (c) 2017 Logic and Logical Philosophy},
	issn = {2300-9802},
	url = {http://apcz.umk.pl/czasopisma/index.php/LLP/article/view/LLP.2016.013},
	language = {en},
	number = {4},
	urldate = {2017-12-04},
	journal = {Logic and Logical Philosophy},
	author = {Heller, Michael},
	month = jun,
	year = {2016},
	keywords = {“philosophy of arrows”, category theory, identity, individuality},
	pages = {447--459}
}

@article{pol_heller_introduction_1983,
	title = {Introduction},
	volume = {1},
	issn = {0277-2434},
	language = {rn},
	journal = {Philosophy in Science},
	author = {Heller, Michael and Stoeger, Wiliam R. and Życiński, Józef},
	year = {1983},
	pages = {7--19}
}

@incollection{pol_heller_epistemologiczne_1987,
	address = {Kraków},
	title = {Epistemologiczne aspekty związków filozofii z nauką ({Epistemic} aspects of philosophy and science relationships)},
	language = {pl},
	booktitle = {Filozofować w kontekście nauki},
	author = {Heller, Michael and Życiński, Józef},
	editor = {Heller, Michael and Michalik, Alicja and Życiński, Józef},
	year = {1987},
	pages = {7--16}
}

@article{pol_heller_jak_1986,
	title = {Jak możliwa jest "filozofia w nauce"? ({How} is {philosophy} in {science} {possible}?)},
	volume = {22},
	number = {1},
	journal = {Studia Philosophiae Christianae},
	author = {Heller, Michael},
	year = {1986},
	pages = {7--19}
}

@incollection{pol_heller_how_1995,
	address = {Kraków},
	title = {How to practice philosophy in science? ({Jak} uprawiać filozofię przyrody?)},
	isbn = {978-83-7006-375-7},
	language = {pl},
	booktitle = {Nauka i wyobraźnia},
	publisher = {Wydawnictwo "Znak"},
	author = {Heller, Michael},
	year = {1995},
	keywords = {Nauka, filozofia, Fizyka},
	pages = {145--150}
}

@article{pol_heller_pascal_2005,
	title = {Pascal -- uczony niekonwencjonalny ({Pascal}---unconventional scientist)},
	copyright = {\#\#submission.copyrightStatement\#\#},
	issn = {2451-0602},
	url = {http://zfn.edu.pl/index.php/zfn/article/view/356},
	language = {pl},
	number = {36},
	urldate = {2016-10-17},
	journal = {Philosophical Problems in Science (Zagadnienia Filozoficzne w Nauce)},
	author = {Heller, Michael},
	year = {2005},
	pages = {156--159}
}

@incollection{pol_heller_nauki_2006,
	address = {Kraków},
	title = {Nauki przyrodnicze a filozofia przyrody ({Science} and philosophy in science)},
	isbn = {83-242-0542-X},
	language = {pl},
	booktitle = {Filozofia i wszechświat: wybór pism},
	publisher = {\mbox{TAiWPN} UNIVERSITAS},
	author = {Heller, Michael},
	year = {2006},
	keywords = {filozofia, Kosmologia, Wszechświat, Fizyka},
	pages = {26--33}
}

@incollection{pol_heller_przeciw_2006,
	address = {Kraków},
	title = {Przeciw fundacjonizmowi ({Against} fundationalism)},
	isbn = {83-242-0542-X},
	language = {pl},
	booktitle = {Filozofia i wszechświat: wybór pism},
	publisher = {TAiWPN UNIVERSITAS},
	author = {Heller, Michael},
	year = {2006},
	keywords = {filozofia, Kosmologia, Wszechświat, Fizyka},
	pages = {82--101}
}

@article{pol_heller_poczatki_2006,
	title = {Początki filozofii przyrody w {Ośrodku} {Badań} {Interdyscyplinarnych} w {Krakowie} ({The} {Beginnings} of the {Center} for {Interdisciplinary} {Studies} in {Cracow})},
	volume = {54},
	issn = {0035-7685},
	url = {http://www.jstor.org/stable/43409838},
	language = {pl},
	number = {2},
	urldate = {2016-09-14},
	journal = {Roczniki Filozoficzne},
	author = {Heller, Michael and Mączka, Janusz},
	year = {2006},
	pages = {49--62}
}

@book{pol_jadacki_polish_2009,
	address = {Warszawa},
	title = {Polish analytical philosophy: studies on its heritage: with the appendix containing the bibliography of {Polish} logic from the second half of the 14th century to the first half of the 20th century},
	isbn = {978-83-7507-060-6},
	shorttitle = {Polish analytical philosophy},
	language = {en},
	publisher = {Wydawnictwo Naukowe "Semper"},
	author = {Jadacki, Jacek Juliusz},
	year = {2009},
	keywords = {Philosophy, Polish, Poland, Analysis (Philosophy), History}
}

@article{pol_mcmullin_values_1982,
	title = {Values in {Science}},
	volume = {1982},
	issn = {0270-8647},
	url = {https://www.jstor.org/stable/192409},
	abstract = {[This paper argues that the appraisal of theory is in important respects closer in structure to value-judgement than it is to the rule-governed inference that the classical tradition in philosophy of science took for granted.]},
	language = {en},
	urldate = {2019-04-17},
	journal = {PSA: Proceedings of the Biennial Meeting of the Philosophy of Science Association},
	author = {McMullin, Ernan},
	year = {1982},
	pages = {3--28}
}

@incollection{pol_polak_19th_2011,
	address = {Kraków},
	title = {19th {Century} {Beginnings} of the {Kraków} {Philosophy} of {Nature}},
	booktitle = {Philosophy in {Science}. {Methods} and {Applications}},
	publisher = {Copernicus Center Press},
	author = {Polak, P.},
	editor = {Brożek, B. and Mączka, J. and Grygiel, W.P.},
	year = {2011},
	pages = {325--333}
}

@incollection{pol_polak_teologia_2015,
	address = {Kraków},
	title = {Teologia nauki w perspektywie metodologicznej ({Methodological} perspectives of theology of science)},
	isbn = {978-83-7886-162-1},
	language = {pl},
	booktitle = {Teologia nauki},
	publisher = {Copernicus Center Press},
	author = {Polak, Paweł},
	editor = {Mączka, Janusz and Urbańczyk, Piotr},
	year = {2015},
	pages = {23--54}
}

@article{pol_polak_philosophy_2016,
	title = {Philosophy in science – a case study of the reception of the {Special} and the {General} {Theory} of {Relativity} in {Kraków} and {Lwów} before 1925},
	volume = {15},
	issn = {2451-3202},
	shorttitle = {Philosophy in science – a case study},
	url = {http://www.ejournals.eu/pliki/art/8049/},
	doi = {http://dx.doi.org/10.4467/23921749SHS.16.010.6153},
	language = {en},
	journal = {Studia Historiae Scientiarum},
	author = {Polak, Paweł},
	year = {2016},
	pages = {245--273}
}

@incollection{pol_polak_tradycja_2018,
	address = {Kraków},
	title = {Tradycja krakowskiej filozofii w nauce: między {XIX} a {XXI} wiekiem ({Tradition} of {Krakow} philosophy in science: since 19th to 21st century},
	isbn = {978-83-7438-647-0},
	language = {pl},
	booktitle = {40 lat filozofii w uczelni papieskiej w {Krakowie}},
	publisher = {Wydawnictwo Naukowe UPJPII},
	author = {Polak, Paweł},
	year = {2018},
	pages = {491--514}
}

@incollection{pol_polak_miedzy_2019,
	address = {Lublin},
	title = {Między koniecznością a utopią. {Józefa} {Kremera} koncepcja filozofii przyrody w kontekście szybko rozwijającej się nauki ({Between} necessity and utopia: {Jozef} {Kremer}'s concept of philosophy of nature in the contex of science's rapid developement)},
	isbn = {978-83-8061-705-6},
	language = {pl},
	booktitle = {Genus vitae. {Księga} pamiątkowa dedykowana {Panu} {Profesorowi} {Marianowi} {Józefowi} {Wnukowi}},
	publisher = {Wydawnictwo KUL},
	author = {Polak, Paweł},
	editor = {Janeczek, Stanisław and Wróblewski, Zygmunt and Starościc, Anna},
	year = {2019},
	pages = {257--269}
}

@misc{pol_preston_analytic_nodate,
	title = {Analytic {Philosophy}},
	year = {2019},
	url = {https://www.iep.utm.edu/analytic/#SH5c},
	language = {en},
	urldate = {2019-04-24},
	journal = {Internet Encyclopedia of Philosophy},
	author = {Preston, Aaron}
}

@article{pol_rodzen_w_1999,
	title = {W stronę aksjologii nauki ({Towards} axiology of science)},
	issn = {0867-8286},
	language = {pl},
	number = {24},
	journal = {Philosophical Problems in Science (Zagadnienia Filozoficzne w Nauce)},
	author = {Rodzeń, Jacek},
	year = {1999},
	pages = {3--6}
}

@article{pol_stoeger_evolving_1983,
	title = {The {Evolving} {Interaction} between {Philosophy} and the {Science}: {Towards} a {Self}-{Critical} {Philosophy}},
	volume = {1},
	issn = {0277-2434},
	language = {en},
	journal = {Philosophy in Science},
	author = {Stoeger, Wiliam R.},
	year = {1983},
	pages = {21--44}
}

@article{pol_wolak_naukowa_2005-1,
	title = {Naukowa filozofia {Koła} {Krakowskiego} ({Scientific} {Philosophy} of the {Cracow} {Circle})},
	language = {pl},
	number = {36},
	journal = {Philosophical Problems in Science (Zagadnienia Filozoficzne w Nauce)},
	author = {Wolak, Zbigniew},
	year = {2005},
	pages = {97--122}
}

@incollection{pol_wolenski_lvov-warsaw_2019,
	edition = {Spring 2019},
	title = {Lvov-{Warsaw} {School}},
	urldate = {2019-05-06},
	booktitle = {The {Stanford} {Encyclopedia} of {Philosophy}},
	publisher = {Metaphysics Research Lab, Stanford University},
	author = {Woleński, Jan},
	editor = {Zalta, Edward N.},
	year = {2019},
	keywords = {logic: many-valued, mereology, Tarski, Alfred, Tarski, Alfred: truth definitions}
}

@misc{pol_leo_xiii_aeterni_1879,
	title = {Aeterni {Patris}: {Encyclical} of {Pope} {Leo} {XIII} on the {Restoration} of {Christian} {Philosophy}},
	shorttitle = {Aeterni {Patris}},
	url = {http://w2.vatican.va/content/leo-xiii/en/encyclicals/documents/hf_l-xiii_enc_04081879_aeterni-patris.html},
	language = {en},
	urldate = {2019-04-16},
	author = {{Leo XIII}},
	month = aug,
	year = {1879}
}

@book{pol_zycinski_structure_1988,
	address = {Tucson},
	series = {Philosophy in {Science} {Library}},
	title = {The structure of the metascientific revolution: an essay on the growth of modern science},
	isbn = {978-0-88126-703-7},
	shorttitle = {The structure of the metascientific revolution},
	language = {en},
	number = {3},
	publisher = {Pachart Publishing House},
	author = {Życiński, Józef},
	year = {1988},
	note = {OCLC: 833911652}
}

@article{pol_zycinski_kartki_1999,
	title = {Kartki z prehistorii {OBI} ({Notes} from the prehistory of {Center} for {Interdiscilinary} {Studies})},
	issn = {0867-8286},
	language = {pl},
	number = {25},
	journal = {Philosophical Problems in Science (Zagadnienia Filozoficzne w Nauce)},
	author = {Życiński, Józef},
	year = {1999},
	pages = {8--12}
}

@article{pol_heller_how_2019,
	title = {How is {philosophy} in {science} {possible}?},
	language = {en},
	number = {66},
	journal = {Philosophical Problems in Science (Zagadnienia Filozoficzne w Nauce)},
	author = {Heller, Michael},
	year = {2019},
	pages = {\pageref{heller-start}--\pageref{heller-stop}}
}

@article{pol_trombik_origin_2019,
	title = {Origin and development of the {Center} for {Interdisciplinary} {Studies}: {A} historical outline by 1993},
	language = {en},
	number = {66},
	journal = {Philosophical Problems in Science (Zagadnienia Filozoficzne w Nauce)},
	author = {Trombik, Kamil},
	year = {2019},
	pages = {\pageref{trombik-start}--\pageref{trombik-stop}}
}