
@article{zeh,
	title = {On the interpretation of measurement in quantum theory},
	volume = {1},
	issn = {1572-9516},
	url = {https://doi.org/10.1007/BF00708656},
	doi = {10.1007/BF00708656},
	abstract = {It is demonstrated that neither the arguments leading to inconsistencies in the description of quantum-mechanical measurement nor those “explaining” the process of measurement by means of thermodynamical statistics are valid. Instead, it is argued that the probability interpretation is compatible with an objective interpretation of the wave function.},
	language = {en},
	number = {1},
	urldate = {2019-05-20},
	journal = {Foundations of Physics},
	author = {Zeh, H. Dieter},
	month = mar,
	year = {1970},
	keywords = {Quantum Theory, Objective Interpretation, Probability Interpretation, Thermodynamical Statistic, Wave Function},
	pages = {69--76}
}

@article{zurek,
	title = {Decoherence, einselection, and the quantum origins of the classical},
	volume = {75},
	url = {https://link.aps.org/doi/10.1103/RevModPhys.75.715},
	doi = {10.1103/RevModPhys.75.715},
	language = {en},
	number = {3},
	urldate = {2019-05-20},
	journal = {Reviews of Modern Physics},
	author = {Zurek, Wojciech Hubert},
	month = may,
	year = {2003}
}

@article{ehr,
	title = {Bemerkung über die angenäherte {Gültigkeit} der klassischen {Mechanik} innerhalb der {Quantenmechanik}},
	volume = {45},
	issn = {0044-3328},
	url = {https://doi.org/10.1007/BF01329203},
	doi = {10.1007/BF01329203},
	number = {7},
	urldate = {2019-06-28},
	journal = {Zeitschrift für Physik},
	author = {Ehrenfest, P.},
	month = jul,
	year = {1927},
	pages = {455--457}
}

@book{WKB,
	address = {New York [etc.]},
	title = {Quantum {Mechanics}. {Third} {Edition}},
	url = {http://archive.org/details/QuantumMechanics_500},
	language = {en},
	urldate = {2019-06-28},
	publisher = {McGraw-Hill},
	author = {Schiff, Leonard I.},
	year = {1968},
	keywords = {Physics}
}

@book{pathint,
	address = {New York},
	series = {Mathematics in science and engineering},
	title = {Formulations of {Classical} and {Quantum} {Dynamical} {Theory}},
	isbn = {978-0-12-596950-5},
	language = {en},
	number = {v. 60},
	publisher = {Academic Press},
	author = {Rosen, Gerald},
	year = {1969},
	keywords = {Quantum theory, Unified field theories}
}

@article{siegel,
	title = {On the classical limit of quantum mechanics},
	volume = {7},
	url = {http://www.actaphys.uj.edu.pl/fulltext?series=Reg&vol=7&page=29},
	language = {en},
	number = {1},
	journal = {Acta Physica Polonica B},
	author = {Siegel, W.},
	year = {1976},
	pages = {29--38}
}

@book{wignerdistr,
	address = {New Jersey},
	title = {A {Concise} {Treatise} on {Quantum} {Mechanics} in {Phase} {Space}},
	isbn = {978-981-4520-43-0},
	publisher = {World Scientific},
	author = {Curtright, Thomas and Fairlie, David and Zachos, Cosmas},
	year = {2014},
	keywords = {Phase space (Statistical physics), Quantum theory, Textbooks}
}

@book{qmtext,
	address = {Warszawa},
	series = {Biblioteka {Fizyki}},
	title = {Teoria kwantów: mechanika falowa [{Quantum} {Theory}: {Wave} {Mechanics}]},
	isbn = {978-83-01-09977-0},
	shorttitle = {Teoria kwantów},
	language = {pl},
	number = {t. 13},
	publisher = {Wydawnictwo Naukowe PWN},
	author = {Białynicki-Birula, Iwo and Cieplak, Marek and Kamiński, Jerzy},
	year = {1991},
	keywords = {Mechanika falowa, podręczniki akademickie, Teoria kwantowa}
}

@article{HilWou,
	title = {On the spin angular momentum of the {Dirac} particle},
	volume = {40},
	issn = {0029-5582},
	url = {http://www.sciencedirect.com/science/article/pii/0029558263902463},
	doi = {10.1016/0029-5582(63)90246-3},
	abstract = {A covariant splitting of the total angular momentum of a spin 12 particle into an orbital and a spin part is obtained by treating the Dirac equation as a subsidiary condition for the solutions of the Klein-Gordon equation of a spinor field. The so obtained conserved spin tensor is the analogue of the classically defined spin tensor of Frenkel.},
	language = {en},
	urldate = {2019-06-28},
	journal = {Nuclear Physics},
	author = {Hilgevoord, J. and Wouthuysen, S. A.},
	month = jan,
	year = {1963},
	pages = {1--12}
}

@article{aro1,
	title = {On a {Classical} {Limit} of the {Dirac} {Equation} with an {External} {Electromagnetic} {Field}. {Part} {I}. {Proper}-{Time} {Evolution}, {Lorentz} {Covariant} {Expectation} {Values} and {Classical} {Equations} of {Motion}},
	volume = {19},
	url = {http://www.actaphys.uj.edu.pl/fulltext?series=Reg&vol=19&page=99},
	language = {en},
	number = {2},
	journal = {Acta Physica Polonica B},
	author = {Arodź, H. and Ruijgrok, Th.W.},
	year = {1988},
	pages = {99--140}
}

@book{relat,
	address = {Oxford ; New York et al.},
	edition = {Third Edition},
	series = {Course of {Theoretical} {Physics}},
	title = {The {Classical} {Theory} of {Fields}},
	url = {http://archive.org/details/TheClassicalTheoryOfFields},
	language = {en},
	number = {2},
	publisher = {Pergamon Press},
	author = {Landau, L D and Lifshitz, E M},
	translator = {Hamermesh, Morton},
	year = {1971},
	keywords = {Physics}
}

@article{wong,
	title = {Field and particle equations for the classical {Yang}-{Mills} field and particles with isotopic spin},
	volume = {65},
	issn = {1826-9869},
	url = {https://doi.org/10.1007/BF02892134},
	doi = {10.1007/BF02892134},
	abstract = {SummaryA complete system of equations describing the interaction between the Yang-Mills field and isotopic-spin-carrying particles in the classical limit is extracted from the equations of motion for the quantum fields. Some simple consequences are derived. The consistency of the equations is investigated.},
	language = {en},
	number = {4},
	urldate = {2019-06-28},
	journal = {Il Nuovo Cimento A},
	author = {Wong, S. K.},
	month = feb,
	year = {1970},
	keywords = {Classical Limit, Field Equation, Internal Vector, Isotopic Spin, Particle Equation},
	pages = {689--694}
}

@article{aro2,
	title = {Colored, spinning classical particle in an external non-abelian gauge field},
	volume = {116},
	issn = {0370-2693},
	url = {http://www.sciencedirect.com/science/article/pii/0370269382903367},
	doi = {10.1016/0370-2693(82)90336-7},
	number = {4},
	urldate = {2019-06-28},
	journal = {Physics Letters B},
	author = {Arodź, H.},
	month = oct,
	year = {1982},
	pages = {251--254}
}

@article{heller,
	title = {What does it mean ‘to exist’ in physics?},
	copyright = {Copyright (c) 2018 Philosophical Problems in Science (Zagadnienia Filozoficzne w Nauce)},
	issn = {2451-0602},
	url = {http://zfn.edu.pl/index.php/zfn/article/view/436},
	language = {en},
	number = {65},
	urldate = {2019-06-28},
	journal = {Philosophical Problems in Science (Zagadnienia Filozoficzne w Nauce)},
	author = {Heller, Michał},
	month = dec,
	year = {2018},
	keywords = {existence, Hartle-Hawking quantum creation model, nothingness in physics, ontology in the sense of Quine, ontology of physics},
	pages = {9--22}
}

@article{CSL,
	title = {Markov processes in {Hilbert} space and continuous spontaneous localization of systems of identical particles},
	volume = {42},
	url = {https://link.aps.org/doi/10.1103/PhysRevA.42.78},
	doi = {10.1103/PhysRevA.42.78},
	number = {1},
	urldate = {2019-06-28},
	journal = {Physical Review A},
	author = {Ghirardi, Gian Carlo and Pearle, Philip and Rimini, Alberto},
	month = jul,
	year = {1990},
	pages = {78--89}
}

@article{zurek2,
	title = {Quantum {Darwinism}},
	volume = {5},
	copyright = {2009 Nature Publishing Group},
	issn = {1745-2481},
	url = {https://www.nature.com/articles/nphys1202},
	doi = {10.1038/nphys1202},
	language = {en},
	number = {3},
	urldate = {2019-06-28},
	journal = {Nature Physics},
	author = {Zurek, Wojciech Hubert},
	month = mar,
	year = {2009},
	pages = {181--188}
}