
@incollection{polak_teologia_2015,
	address = {Kraków},
	title = {Teologia nauki w perspektywie metodologicznej},
	isbn = {978-83-7886-162-1},
	language = {pl},
	booktitle = {Teologia nauki},
	publisher = {Copernicus Center Press},
	author = {Polak, Paweł},
	editor = {Mączka, Janusz and Urbańczyk, Piotr},
	year = {2015},
	pages = {23--54}
}

@article{lambert_relativites_2005,
	title = {Relativités et déformations de structures: lecture cohomologique de l’invention théorique},
	copyright = {Copyright (c) 2016},
	issn = {2451-0602},
	shorttitle = {Relativités et déformations de structures},
	url = {http://zfn.edu.pl/index.php/zfn/article/view/332},
	language = {fr},
	number = {37},
	urldate = {2019-06-11},
	journal = {Philosophical Problems in Science (Zagadnienia Filozoficzne w Nauce)},
	author = {Lambert, Dominique},
	year = {2005},
	pages = {98--118},
	file = {Full Text PDF:/home/pawel/.zotero/zotero/2felkxqq.default/zotero/storage/5M67P47Y/Lambert - 2005 - Relativités et déformations de structures  lectur.pdf:application/pdf;Snapshot:/home/pawel/.zotero/zotero/2felkxqq.default/zotero/storage/BDM7S44R/332.html:text/html}
}

@book{lambert_atom_2015,
	address = {Kraków},
	title = {The {Atom} of the {Universe}: {The} {Life} and {Work} of {Georges} {Lemaître}},
	isbn = {978-83-7886-050-1},
	abstract = {This biography takes readers from the early childhood to the last days of Georges Lemaitre, the man behind the theory of the primeval atom, now better known as the Big Bang theory. But, who was Georges Lemaitre? He was a clergyman, a genius astronomer, an audacious cosmologist, a computer enthusiast ahead of his time, a professor with his head in the clouds, a bon vivant mathematician, and a gourmand. The book peels away these layers, chapter by chapter, from the adventures of a boy from Charleroi (Belgium), who became Monseigneur Lemaitre and influenced contemporary cosmology. The Atom of the.},
	language = {en},
	publisher = {Copernicus Center Press},
	author = {Lambert, Dominique},
	year = {2015},
	note = {OCLC: 984813429}
}

@article{heller_wyzwanie_1978,
	title = {Wyzwanie rzucone racjonalności},
	url = {http://miesiecznik.znak.com.pl/archiwumpdf/291.pdf},
	url = {2019-05-21},
	language = {pl},
	number = {291},
	journal = {Znak},
	author = {Heller, Michał},
	year = {1978},
	pages = {1187--1191},
	file = {Heller - 1978 - Wyzwanie rzucone racjonalności.pdf:/home/pawel/.zotero/zotero/2felkxqq.default/zotero/storage/F8MHFJWY/Heller - 1978 - Wyzwanie rzucone racjonalności.pdf:application/pdf}
}

@book{ladriere_nauka_1978,
	address = {Warszawa},
	title = {Nauka, świat i wiara},
	language = {pl},
	publisher = {Instytut Wydawniczy Pax},
	author = {Ladrière, Jean},
	translator = {Paygert, Adam},
	year = {1978},
	keywords = {filozofia, Religia i nauka, Wiara}
}

@article{obolevitch_problem_2012,
	title = {Problem relacji pomiędzy nauką i wiarą w {OBI}},
	copyright = {Copyright (c) 2016 Zagadnienia Filozoficzne w Nauce},
	issn = {2451-0602},
	url = {http://zfn.edu.pl/index.php/zfn/article/view/103},
	language = {pl},
	number = {50},
	urldate = {2019-06-12},
	journal = {Philosophical Problems in Science (Zagadnienia Filozoficzne w Nauce)},
	author = {Obolevitch, Teresa},
	month = jun,
	year = {2012},
	keywords = {Michał Heller, science, science and religion, theology},
	pages = {75--84},
	file = {Full Text PDF:/home/pawel/.zotero/zotero/2felkxqq.default/zotero/storage/8VITB8TB/Obolevitch - 2012 - Problem relacji pomiędzy nauką i wiarą w OBI.pdf:application/pdf;Snapshot:/home/pawel/.zotero/zotero/2felkxqq.default/zotero/storage/7FUQD4WK/103.html:text/html}
}