
@book{guicciardini_isaac_2018,
	address = {London},
	series = {Renaissance lives},
	title = {Isaac {Newton} and natural philosophy},
	isbn = {978-1-78023-906-4},
	language = {en},
	publisher = {Reaktion Books},
	author = {Guicciardini, Niccol√≤},
	year = {2018},
	note = {OCLC: 992452946}
}

@book{janiak_newton_2008,
	address = {Cambridge},
	title = {Newton as {Philosopher}},
	isbn = {978-0-511-48151-2},
	url = {http://ebooks.cambridge.org/ref/id/CBO9780511481512},
	language = {en},
	urldate = {2019-06-27},
	publisher = {Cambridge University Press},
	author = {Janiak, Andrew},
	year = {2008},
	doi = {10.1017/CBO9780511481512}
}

@book{taylor_mathematical_1954,
	address = {Cambridge},
	title = {The {Mathematical} {Practitioners} of {Tudor} \& {Stuart} {England}.},
	language = {en},
	publisher = {for the Institute of Navigation at the University [of Cambridge] Press},
	author = {Taylor, E. G. R},
	year = {1954},
	note = {OCLC: 1394346}
}