
@article{polak_19th_2013,
	title = {19th century beginnings of the {Kraków} philosophy of nature},
	volume = {4},
	issn = {2083-1544},
	url = {https://www.copernicuscenter.edu.pl/files/attachment/cc_reports_4_2013_0.pdf#page=83},
	language = {en},
	journal = {Copernicus Center Reports},
	author = {Polak, Paweł},
	year = {2013},
	note = {0.51 arkusza},
	pages = {83--93},
	file = {Polak P., 19th Century Beginnings of the Kraków Philosophy of Nature, „Copernicus Center Reports”, t. 4, 2013, ss. 83–93.pdf:/home/pawel/.zotero/zotero/2felkxqq.default/zotero/storage/DWV66ZEE/Polak P., 19th Century Beginnings of the Kraków Philosophy of Nature, „Copernicus Center Reports”, t. 4, 2013, ss. 83–93.pdf:application/pdf}
}

@book{wolenski_filozoficzna_1985,
	address = {Warszawa},
	title = {Filozoficzna szkoła lwowsko-warszawska},
	isbn = {83-01-05334-8},
	language = {pl},
	publisher = {Państwowe Wydawnictwo Naukowe},
	author = {Woleński, Jan},
	year = {1985},
	keywords = {filozofia, historia, Historia XX wieku, Polska, Szkoła lwowsko-warszawska}
}

@article{heller_jak_1986,
	title = {Jak możliwa jest "filozofia w nauce"? ({How} is {Philosophy} in {Science} {Possible}?)},
	volume = {22},
	number = {1},
	journal = {Studia Philosophiae Christianae},
	author = {Heller, Michał},
	year = {1986},
	pages = {7--19}
}

@book{wolak_neotomizm_1993,
	address = {Kraków},
	title = {Neotomizm a szkoła lwowsko-warszawska},
	isbn = {978-83-85245-48-3},
	language = {pl},
	publisher = {Ośrodek Badań Interdyscyplinarnych},
	author = {Wolak, Zbigniew},
	year = {1993},
	keywords = {1900-1945, Neotomizm, Polska, Szkoła lwowsko-warszawska}
}

@incollection{heller_krakowska_2007,
	address = {Kraków-Tarnów},
	title = {Krakowska filozofia przyrody w okresie międzywojennym},
	volume = {1},
	isbn = {978-83-7332-429-9},
	language = {pl},
	booktitle = {Krakowska filozofia przyrody w okresie międzywojennym},
	publisher = {OBI-Biblos},
	author = {Heller, Michał and Mączka, Janusz},
	year = {2007},
	pages = {5--40}
}

@article{heller_poczatki_2006,
	title = {Początki filozofii przyrody w {Ośrodku} {Badań} {Interdyscyplinarnych} w {Krakowie} ({The} {Beginnings} of the {Center} for {Interdisciplinary} {Studies} in {Cracow})},
	volume = {54},
	issn = {0035-7685},
	url = {http://www.jstor.org/stable/43409838},
	abstract = {We present a short account of the early history of the Center for Interdisciplinary Research in Cracow. These beginnings go back to the inter-war period when the tradition was established of close interactions between philosophers and scientists, especially physicists (Smoluchowski, Natanson). In the post-war period, under the communist regime, this tradition was continued at the Theological Institute (later the Pontifical Academy of Theology) in Cracow, erected by Cardinal Wojtyta, the then archbishop of Cracow, after the Theological Faculty had been removed from the Jagiellonian University by the communists. The collaboration of the Cracow Center with the Catholic University of Lublin and with the Warsaw Academy of Theology is briefly described, and the style of philosophy in Cracow presented.},
	language = {pl},
	number = {2},
	urldate = {2016-09-14},
	journal = {Roczniki Filozoficzne},
	author = {Heller, Michał and Mączka, Janusz},
	year = {2006},
	pages = {49--62},
	file = {Heller M.,  Mączka J., Początki filozofii przyrody w Ośrodku Badań Interdyscyplinarnych w Krakowie, „Roczniki Filozoficzne”, t. 54, nr 2, 2006, ss. 49–62.pdf:/home/pawel/.zotero/zotero/2felkxqq.default/zotero/storage/EDJ8WP78/Heller M.,  Mączka J., Początki filozofii przyrody w Ośrodku Badań Interdyscyplinarnych w Krakowie, „Roczniki Filozoficzne”, t. 54, nr 2, 2006, ss. 49–62.pdf:application/pdf}
}

@article{krzanowski_towards_2016,
	title = {Towards a {Formal} {Ontology} of {Information}. {Selected} {Ideas} of {K}. {Turek}},
	copyright = {\#\#submission.copyrightStatement\#\#},
	issn = {2451-0602},
	url = {http://zfn.edu.pl/index.php/zfn/article/view/131},
	abstract = {There are many ontologies of the world or of specific phenomena such as time, matter, space, and quantum mechanics1. However, ontologies of information are rather rare. One of the reasons behind this is that information is most frequently associated with communication and computing, and not with ‘the furniture of the world’. But what would be the nature of an ontology of information? For it to be of significant import it should be amenable to formalization in a logico-grammatical formalism. A candidate ontology satisfying such a requirement can be found in some of the ideas of K. Turek, presented in this paper. Turek outlines the ontology of information conceived of as a part of nature, and provides the ‘missing link’ to the Z axiomatic set theory, offering a proposal for developing a formal ontology of information both in its philosophical and logicogrammatical representations.},
	language = {en},
	number = {61},
	urldate = {2017-03-21},
	journal = {Philosophical Problems in Science (Zagadnienia Filozoficzne w Nauce)},
	author = {Krzanowski, Roman},
	month = dec,
	year = {2016},
	keywords = {form-matter complex, formal ontology of information, information, relations, set theory, structures, substance},
	pages = {23--52},
	file = {Full Text PDF:/home/pawel/.zotero/zotero/2felkxqq.default/zotero/storage/3C6ED46H/Krzanowski - 2016 - Towards a Formal Ontology of Information. Selected.pdf:application/pdf;Snapshot:/home/pawel/.zotero/zotero/2felkxqq.default/zotero/storage/VFDH5W7E/131.html:text/html}
}

@article{turek_filozoficzne_1978,
	title = {Filozoficzne aspekty pojęcia informacji},
	issn = {0867-8286},
	language = {pl},
	number = {1},
	journal = {Philosophical Problems in Science (Zagadnienia Filozoficzne w Nauce)},
	author = {Turek, Krzysztof},
	year = {1978},
	pages = {32--41}
}

@article{turek_rozwazania_1981,
	title = {Rozważania o pojęciu struktury},
	issn = {0867-8286},
	language = {pl},
	number = {3},
	journal = {Philosophical Problems in Science (Zagadnienia Filozoficzne w Nauce)},
	author = {Turek, Krzysztof},
	year = {1981},
	pages = {73--95}
}

@article{polak_computing_2016,
	title = {Computing as empirical science:  {Evolution} of a concept},
	volume = {48},
	issn = {2199-6059},
	url = {https://www.degruyter.com/view/j/slgr.2016.48.issue-1/slgr-2016-0055/slgr-2016-0055.xml?format=INT},
	doi = {10.1515/slgr-2016-0055},
	abstract = {This article presents the evolution of philosophical and methodological considerations concerning empiricism in computer/computing science. In this study, we trace the most important current events in the history of reflection on computing. The forerunners of Artificial Intelligence H.A. Simon and A. Newell in their paper Computer Science As Empirical Inquiry (1975) started these considerations. Later the concept of empirical computer science was developed by S.S. Shapiro, P. Wegner, A.H. Eden and P.J. Denning. They showed various empirical aspects of computing. This led to a view of the science of computing (or science of information processing) - the science of general scope. Some interesting contemporary ways towards a generalized perspective on computations were also shown (e.g. natural computing).},
	language = {en},
	number = {1},
	urldate = {2017-03-22},
	journal = {Studies in Logic, Grammar and Rhetoric},
	author = {Polak, Paweł},
	year = {2016},
	pages = {49--69},
	file = {Full Text PDF:/home/pawel/.zotero/zotero/2felkxqq.default/zotero/storage/WN4XRX36/Polak - 2017 - Computing as Empirical Science – Evolution of a Co.pdf:application/pdf}
}

@incollection{polak_rola_2017,
	address = {Kraków},
	title = {Rola {Stefana} {Z}. {Pawlickiego} (1839–1916) w kształtowaniu się krakowskiego ośrodka filozofii przyrody},
	isbn = {978-83-7886-349-6},
	language = {pl},
	booktitle = {Oblicza filozofii w nauce: księga pamiątkowa z okazji 80. urodzin {Michała} {Hellera}},
	publisher = {Copernicus Center Press},
	author = {Polak, Paweł},
	editor = {Polak, Paweł and Mączka, Janusz and Grygiel, Wojciech P.},
	year = {2017},
	note = {2.3 arkusza},
	pages = {85--132}
}

@article{polak_current_2017,
	title = {Current perspectives on the development of the philosophy of informatics (with a special regard to some {Polish} philosophers)},
	copyright = {Copyright (c) 2017 Philosophical Problems in Science (Zagadnienia Filozoficzne w Nauce)},
	issn = {2451-0602},
	url = {http://zfn.edu.pl/index.php/zfn/article/view/405},
	language = {en},
	number = {63},
	urldate = {2018-01-08},
	journal = {Philosophical Problems in Science (Zagadnienia Filozoficzne w Nauce)},
	author = {Polak, Paweł},
	month = dec,
	year = {2017},
	keywords = {informationistic worldview, mathematical computability of the world, methodology of informatics, pancomputationalism, philosophy of informatics},
	pages = {77--100},
	file = {Full Text PDF:/home/pawel/.zotero/zotero/2felkxqq.default/zotero/storage/KWQILHY4/Polak - 2017 - Current perspectives on the development of the phi.pdf:application/pdf}
}

@book{krauze_jedna_2008,
	address = {Kraków},
	title = {Jedna prawda, dwie księgi: nauki przyrodnicze a teologia w {Ośrodku} {Badań} {Interdyscyplinarnych} {Papieskiej} {Akademii} {Teologicznej} w {Krakowie}},
	isbn = {978-83-7505-188-9},
	shorttitle = {Jedna prawda, dwie księgi},
	language = {pl},
	publisher = {Wydawnictwo WAM},
	author = {Krauze, Filip},
	year = {2008},
	note = {OCLC: 297685550}
}

@article{krzanowski_minimal_2017,
	title = {Minimal {Information} {Structural} {Realism}},
	copyright = {Copyright (c) 2017 Philosophical Problems in Science},
	issn = {2451-0602},
	url = {http://www.zfn.edu.pl/index.php/zfn/article/view/396},
	abstract = {This paper presents Minimal Information Structural Realism (MISR), that claims that information (signified by I) is an ontologically and epistemologically objective entity (signified by R) and is apprehended as, but not identical to structures perceived in nature (signified by S). Two informal arguments are presented in support of this claim. One argument is based on the conclusions from models of quantum mechanics (QM) and cosmology, while the other argument is referred to as incompleteness of epistemic definitions of information. MISR is not associated directly with the structural realism (SR) of the ontic or epistemic kinds, and is only remotely related to the concept of information structural realism (ISR) defined by Floridi.},
	language = {en},
	number = {63},
	urldate = {2018-05-16},
	journal = {Philosophical Problems in Science (Zagadnienia Filozoficzne w Nauce)},
	author = {Krzanowski, Roman},
	month = dec,
	year = {2017},
	keywords = {information, information ontology, information structural realism, structural realism, structure},
	pages = {59--75},
	file = {Full Text PDF:/home/pawel/.zotero/zotero/2felkxqq.default/zotero/storage/CS6FMVK9/Krzanowski - 2017 - Minimal Information Structural Realism.pdf:application/pdf;Snapshot:/home/pawel/.zotero/zotero/2felkxqq.default/zotero/storage/RFQU2DND/396.html:text/html}
}

@incollection{polak_tradycja_2018,
	address = {Kraków},
	title = {Tradycja krakowskiej filozofii w nauce: między {XIX} a {XXI} wiekiem ({Tradition} of {Krakow} philosophy in science: since 19th to 21st century},
	isbn = {978-83-7438-647-0},
	language = {pl},
	booktitle = {40 lat filozofii w uczelni papieskiej w {Krakowie}},
	publisher = {Wydawnictwo Naukowe UPJPII},
	author = {Polak, Paweł},
	year = {2018},
	note = {1.11 ark},
	pages = {491--514}
}

@incollection{polak_miedzy_2018,
	address = {Warszawa},
	title = {Między metodologią a obliczeniową matematycznością świata... {Perspektywy} rozwoju filozofii informatyki w kontekście polskich tradycji filozoficznych},
	isbn = {978-83-7938-194-4},
	shorttitle = {Między metodologią a obliczeniową matematycznością świata},
	language = {pl},
	booktitle = {Studia z filozofii informatyki},
	publisher = {Wojskowa Akademia Techniczna},
	author = {Polak, Paweł},
	editor = {Sołoducha, Krzysztof and Stacewicz, Paweł},
	year = {2018},
	note = {0,89 ark},
	pages = {87--104}
}

@article{stoeger_evolving_1983,
	title = {The evolving interaction between philosophy and the science: {Towards} a self-critical philosophy},
	volume = {1},
	issn = {0277-2434},
	language = {en},
	journal = {Philosophy in Science},
	author = {Stoeger, Wiliam R.},
	year = {1983},
	pages = {21--44}
}

@article{zycinski_kartki_1999,
	title = {Kartki z prehistorii {OBI} ({Notes} from the prehistory of {Center} for {Interdisciplinary} {Studies})},
	issn = {0867-8286},
	language = {pl},
	number = {25},
	journal = {Philosophical Problems in Science (Zagadnienia Filozoficzne w Nauce)},
	author = {Życiński, Józef},
	year = {1999},
	pages = {8--12}
}

@article{heller_introduction_1983,
	title = {Introduction},
	volume = {1},
	issn = {0277-2434},
	language = {rn},
	journal = {Philosophy in Science},
	author = {Heller, Michael and Stoeger, Wiliam R. and Życiński, Józef},
	year = {1983},
	pages = {7--19}
}

@article{polak_philosophy_2019,
	title = {Philosophy in science: {A} name with a long intellectual tradition},
	issn = {2451-0602},
	language = {en},
	number = {66},
	journal = {Philosophical Problems in Science (Zagadnienia Filozoficzne w Nauce)},
	author = {Polak, Paweł},
	year = {2019},
	pages = {??--??}
}

@article{heller_how_2019,
	title = {How is {Philosophy} in {Science} {Possible}?},
	issn = {2451-0602},
	language = {en},
	number = {66},
	journal = {Philosophical Problems in Science (Zagadnienia Filozoficzne w Nauce)},
	author = {Heller, Michael},
	year = {2019},
	pages = {??--??}
}

@misc{wolenski_interview_2017,
	address = {The Faculty of Philosophy deanery at The Pontifical University of John Paul II in Kraków},
	title = {Interview with {Jan} {Woleński} conducted by {Kamil} {Trombik}},
	language = {pl},
	publisher = {electronic file on CD entitled “Historia Wydziału Filozoficznego PAT – wywiady”},
	author = {Woleński, Jan},
	year = {2017}
}

@misc{heller_interview_2017,
	address = {The Faculty of Philosophy deanery at The Pontifical University of John Paul II in Kraków},
	title = {Interview with {Michael} {Heller} conducted by {Kamil} {Trombik}},
	language = {pl},
	publisher = {electronic file on CD entitled “Historia Wydziału Filozoficznego PAT – wywiady”},
	author = {Heller, Michael},
	year = {2017}
}

@article{wolak_interdyscyplinarnosc_1992,
	title = {Interdyscyplinarność w teorii i w praktyce [book review]},
	issn = {2451-0602},
	language = {pl},
	number = {14},
	journal = {Philosophical Problems in Science (Zagadnienia Filozoficzne w Nauce)},
	author = {Wolak, Zbigniew},
	year = {1992},
	pages = {132--136}
}

@book{coyne_galileo_1985,
	address = {Città del Vaticano},
	title = {The {Galileo} affair: a meeting of faith and science: proceedings of the {Cracow} conference 24 to 27 {May} 1984},
	shorttitle = {The {Galileo} affair},
	language = {en},
	publisher = {Specola Vaticana},
	editor = {Coyne, George V. and Heller, Michał and Życiński, Józef},
	year = {1985},
	keywords = {16 w, Galilei, Galileo, konferencje, Nauki renesansowe, Religia i nauka}
}

@book{coyne_newton_1988,
	address = {Città del Vaticano},
	title = {Newton and the new direction in science: proceedings of the {Cracow} conference 25 to 28 {May} 1987},
	shorttitle = {Newton and the new direction in science},
	language = {en},
	publisher = {Specola Vaticano},
	editor = {Coyne, George V. and Heller, Michał and Życiński, Józef},
	year = {1988},
	keywords = {17 w, Fizyka, konferencje, Newton, Isaac}
}

@article{dadaczynski_poznanie_1984,
	title = {Poznanie istnienia {Boga} według ekumenicznego katechizmu dla dorosłych „{Neues} {Glaubensbuch}”},
	volume = {17},
	language = {pl},
	journal = {Śląskie Studia Historyczno-Teologiczne},
	author = {Dadaczyński, Jerzy},
	year = {1984},
	pages = {27--50}
}

@article{dembek_matematycznosc_1990,
	title = {Matematyczność przyrody. {Uwagi} po konferencji [sprawozdanie]},
	issn = {2451-0602},
	language = {en},
	number = {12},
	journal = {Philosophical Problems in Science (Zagadnienia Filozoficzne w Nauce)},
	author = {Dembek, Jacek},
	year = {1990},
	pages = {51--58}
}

@article{glodz_miedzynarodowe_1987,
	title = {Międzynarodowe {Sympozjum} {Newtonowskie} [sprawozdanie]},
	issn = {2451-0602},
	language = {en},
	number = {9},
	journal = {Philosophical Problems in Science (Zagadnienia Filozoficzne w Nauce)},
	author = {Głódź, Małgorzata},
	year = {1987},
	pages = {40--45}
}

@article{heller_po_1999,
	title = {Po 20-stu latach},
	issn = {2451-0602},
	language = {pl},
	number = {25},
	journal = {Philosophical Problems in Science (Zagadnienia Filozoficzne w Nauce)},
	author = {Heller, Michael},
	year = {1999},
	pages = {3--5}
}

@book{heller_wierze_2016,
	address = {Kraków},
	title = {Wierzę, żeby rozumieć: w osobistej rozmowie o życiowych wyborach},
	isbn = {978-83-240-3402-4},
	shorttitle = {Wierzę, żeby rozumieć},
	language = {pl},
	publisher = {Wydawnictwo Znak},
	author = {Heller, Michał and Bonowicz, Wojciech and Brożek, Bartosz and Liana, Zbigniew},
	year = {2016},
	keywords = {Heller, Michał, rozmowy}
}

@book{heller_filozofowac_1987,
	address = {Kraków},
	title = {Filozofować w kontekście nauki},
	language = {pl},
	publisher = {Polskie Towarzystwo Teologiczne},
	editor = {Heller, Michał and Michalik, Alicja and Życiński, Józef},
	year = {1987},
	keywords = {filozofia, Filozofia i nauka, Nauka}
}

@book{heller_spor_1991,
	address = {Kraków},
	title = {Spór o uniwersalia a nauka współczesna: sympozjum, {Kraków} 11-12 maja 1990},
	shorttitle = {Spór o uniwersalia a nauka współczesna},
	language = {pl},
	publisher = {Ośrodek Badań Interdyscyplinarnych przy Wydziale Filozofii Papieskiej Akademii Teologicznej},
	editor = {Heller, Michał and Skoczny, Włodzimierz and Życiński, Józef},
	year = {1991},
	keywords = {filozofia, Fizyka, konferencje, Uniwersalia (filozofia)}
}

@book{heller_wszechswiat_1980,
	address = {Kraków},
	title = {Wszechświat i filozofia: szkice z filozofii i historii nauki},
	shorttitle = {Wszechświat i filozofia},
	language = {pl},
	publisher = {Polskie Towarzystwo Teologiczne},
	author = {Heller, Michał and Życiński, Józef},
	year = {1980},
	keywords = {filozofia, historia, Kosmologia}
}

@book{heller_drogi_1983,
	address = {Kraków},
	title = {Drogi myślących},
	isbn = {978-83-00-00593-2},
	language = {pl},
	publisher = {Polskie Towarzystwo Teologiczne},
	author = {Heller, Michał and Życiński, Józef},
	year = {1983},
	keywords = {Chrześcijaństwo i nauka}
}

@book{heller_matematycznosc_1990,
	address = {Kraków},
	title = {Matematyczność przyrody: sympozjum - {Kraków} 12-13 maja 1989},
	shorttitle = {Matematyczność przyrody},
	language = {pl},
	publisher = {Ośrodek Badań Interdyscyplinarnych przy Wydziale Filozofii Papieskiej Akademii Teologicznej},
	editor = {Heller, Michał and Życiński, Józef and Michalik, Alicja},
	year = {1990},
	keywords = {filozofia, Filozofia przyrody, konferencje, matematyka, Matematyka, Nauki przyrodnicze}
}

@article{grygiel_what_2018,
	title = {What is invariant? {On} the possibility and perspectives of the evolutionary theology},
	volume = {25},
	issn = {1230-0780},
	shorttitle = {What is invariant?},
	url = {https://wnus.edu.pl/skk/pl/issue/892/article/14791/},
	doi = {10.18276/skk.2018.25-05},
	language = {en},
	urldate = {2019-07-01},
	journal = {Studia Koszalińsko-Kołobrzeskie},
	author = {Grygiel, Wojciech},
	year = {2018},
	pages = {83--101},
	file = {Grygiel - What is invariant On the possibility and perspect.pdf:/home/pawel/.zotero/zotero/2felkxqq.default/zotero/storage/NLC722T8/Grygiel - What is invariant On the possibility and perspect.pdf:application/pdf;Pełny tekst:/home/pawel/.zotero/zotero/2felkxqq.default/zotero/storage/ANUX9QC2/Grygiel - 2018 - What is invariant On the possibility and perspect.pdf:application/pdf}
}

@article{kubis_sprawozdanie_1984,
	title = {Sprawozdanie z 1/586 roku działalności {Papieskiej} {Akademii} {Teologicznej} w {Krakowie}},
	volume = {2},
	language = {pl},
	journal = {Biuletyn Papieskiej Akademii Teologicznej w Krakowie},
	author = {Kubiś, Adam},
	year = {1984},
	pages = {29--38}
}

@article{liana_w_1989,
	title = {W poszukiwaniu utraconej jedności},
	issn = {2451-0602},
	language = {pl},
	number = {11},
	journal = {Philosophical Problems in Science (Zagadnienia Filozoficzne w Nauce)},
	author = {Liana, Zbigniew},
	year = {1989},
	pages = {30--33}
}

@article{liana_z_1999,
	title = {Z kroniki {OBI}},
	issn = {2451-0602},
	language = {pl},
	number = {25},
	journal = {Philosophical Problems in Science (Zagadnienia Filozoficzne w Nauce)},
	author = {Liana, Zbigniew and Mączka, Janusz},
	year = {1999},
	pages = {133--152}
}

@incollection{dziedzic_historia_2007,
	address = {Warszawa},
	title = {Historia filozofii przyrody w {Polsce}. {Krakowska} szkoła filozofii przyrody, nauk przyrodniczych i matematyki},
	isbn = {978-83-7507-021-7},
	language = {pl},
	booktitle = {Historia filozofii polskiej: dokonania - poszukiwania - projekty},
	publisher = {Wydawnictwo Naukowe "Semper"},
	author = {Mączka, Janusz},
	editor = {Dziedzic, Anna and Kołakowski, Andrzej and Pieróg, Stanisław and Ziemski, Piotr},
	year = {2007},
	keywords = {Filozofia, historia, Polska},
	pages = {95--104}
}

@article{maczka_badania_2012,
	title = {Badania nad historią filozofii przyrody i historią nauki},
	copyright = {Copyright (c) 2016 Zagadnienia Filozoficzne w Nauce},
	issn = {2451-0602},
	url = {http://zfn.edu.pl/index.php/zfn/article/view/99},
	language = {pl},
	number = {50},
	urldate = {2019-07-01},
	journal = {Philosophical Problems in Science (Zagadnienia Filozoficzne w Nauce)},
	author = {Mączka, Janusz and Skoczny, Włodzimierz and Koleżyński, Andrzej and Karolczak, Maria and Sieńko, Dorota and Dziekan, Małgorzata},
	month = jun,
	year = {2012},
	pages = {10--40},
	file = {Full Text PDF:/home/pawel/.zotero/zotero/2felkxqq.default/zotero/storage/GKMJAFQC/Mączka i in. - 2012 - Badania nad historią filozofii przyrody i historią.pdf:application/pdf;Snapshot:/home/pawel/.zotero/zotero/2felkxqq.default/zotero/storage/T74XLXHZ/99.html:text/html}
}

@book{maczka_teologia_2015,
	address = {Kraków},
	title = {Teologia nauki [{Theology} of science]},
	isbn = {978-83-7886-162-1},
	language = {pl},
	publisher = {Copernicus Center Press},
	editor = {Mączka, Janusz and Urbańczyk, Piotr},
	year = {2015},
	note = {1.62 arkusza}
}

@article{michalik_wstep_1984,
	title = {Wstęp do filozofii przyrody [recenzja]},
	issn = {2451-0602},
	language = {pl},
	number = {6},
	journal = {Philosophical Problems in Science (Zagadnienia Filozoficzne w Nauce)},
	author = {Michalik, Alicja},
	year = {1984},
	pages = {75--76}
}

@article{morawiec_sympozjum_1968,
	title = {Sympozjum filozoficzne poświęcone analizie punktu wyjścia kinetycznego i teleologicznego argumentu na istnienie {Boga}},
	volume = {4},
	language = {pl},
	journal = {Studia Philosophiae Christianae},
	author = {Morawiec, Edmund},
	year = {1968},
	pages = {225--270}
}

@article{olszewski_negation_2018,
	title = {Negation in the language of theology – some issues},
	copyright = {Copyright (c) 2018 Philosophical Problems in Science (Zagadnienia Filozoficzne w Nauce)},
	issn = {2451-0602},
	url = {http://zfn.edu.pl/index.php/zfn/article/view/435},
	language = {en},
	number = {65},
	urldate = {2019-07-01},
	journal = {Philosophical Problems in Science (Zagadnienia Filozoficzne w Nauce)},
	author = {Olszewski, Adam},
	month = dec,
	year = {2018},
	keywords = {difference, imperative negation, logic, negation, negation-as-failure, notae theologice, strong negation, theology},
	pages = {87--107},
	file = {Full Text PDF:/home/pawel/.zotero/zotero/2felkxqq.default/zotero/storage/JVBP7NFZ/Olszewski - 2018 - Negation in the language of theology – some issues.pdf:application/pdf;Snapshot:/home/pawel/.zotero/zotero/2felkxqq.default/zotero/storage/3ZQZPFF4/435.html:text/html}
}

@article{samborski_intuicjonizm_1987,
	title = {Intuicjonizm a matematyczność świata [sprawozdanie]},
	issn = {2451-0602},
	language = {pl},
	number = {9},
	journal = {Philosophical Problems in Science (Zagadnienia Filozoficzne w Nauce)},
	author = {Samborski, M. and Wójcik, Wiesław},
	year = {1987},
	pages = {51--54}
}

@article{samborski_na_1992,
	title = {Na pograniczu filozofii i nauki [sprawozdanie]},
	issn = {2451-0602},
	language = {pl},
	number = {14},
	journal = {Philosophical Problems in Science (Zagadnienia Filozoficzne w Nauce)},
	author = {Samborski, M. and Wójcik, Wiesław},
	year = {1992},
	pages = {110--114}
}

@article{skoczny_sympozjum_1984,
	title = {Sympozjum {Galileuszowskie} [sprawozdanie]},
	volume = {2},
	language = {pl},
	journal = {Biuletyn Papieskiej Akademii Teologicznej w Krakowie},
	author = {Skoczny, Włodzimierz},
	year = {1984},
	pages = {70--73}
}

@article{skoczny_glowne_1985,
	title = {Główne warianty zasady antropicznej},
	issn = {2451-0602},
	language = {pl},
	number = {7},
	journal = {Philosophical Problems in Science (Zagadnienia Filozoficzne w Nauce)},
	author = {Skoczny, Włodzimierz},
	year = {1985},
	pages = {21--27}
}

@article{skoczny_spotkania_1999,
	title = {Spotkania {OBI} widziane od kuchni},
	issn = {2451-0602},
	language = {pl},
	number = {25},
	journal = {Philosophical Problems in Science (Zagadnienia Filozoficzne w Nauce)},
	author = {Skoczny, Włodzimierz},
	year = {1999},
	pages = {13--15}
}

@article{skoczny_filozofia_2012,
	title = {Filozofia przyrody ożywionej w {OBI}},
	issn = {2451-0602},
	language = {pl},
	number = {50},
	journal = {Philosophical Problems in Science (Zagadnienia Filozoficzne w Nauce)},
	author = {Skoczny, Włodzimierz},
	year = {2012},
	pages = {41--45}
}

@book{mcmullin_ewolucja_1990,
	address = {Kraków},
	title = {Ewolucja i stworzenie},
	language = {pl},
	publisher = {Ośrodek Badań Interdyscyplinarnych przy Wydziale Filozofii Papieskiej Akademii Teologicznej},
	author = {McMullin, Ernan},
	translator = {Rodzeń, Jacek},
	year = {1990}
}